2858 4782
299 357 864 408 rnonncoumm
921 355 1000 410 ιΝ
1049 357 1402 420 Qum‘ruu
1450 343 1796 413 cunnum
1844 336 2131 416 nurum.
2218 354 2305 418 15

119 501 490 568 Rhetorum
519 500 630 566 vel
655 497 854 565 etiam
884 519 1059 579 eum,
1089 497 1206 585 qui
1237 502 1414 587 apud
1446 504 1756 571 Tacitum
1782 505 2025 574 Annal.
2058 526 2167 574 xi.
2192 511 2303 577 20.

6 691 8 694 y
118 611 188 670 et
213 603 330 669 21.
360 602 673 680 occurrit,
703 609 1042 669 auctorem
1075 623 1227 670 esse
1255 605 1586 670 Historiae
1619 606 1867 673 Rerum
1898 611 1987 674 ab
2008 611 2308 678 Alexan-

117 705 234 772 dro
267 703 527 786 Magno
555 711 915 786 gestarum.
1002 703 1320 770 Attamen
1354 707 1753 773 Franciscus
1779 707 2056 774 Medius
2084 712 2155 775 in
2183 733 2307 784 no-‚

121 805 208 868 tis
231 804 481 888 quibus
502 802 808 868 Curtium
832 799 1214 882 illustravit,
1235 824 1322 870 ea
1341 805 1426 870 de
1446 826 1519 872 re
1548 807 1647 872 ita
1674 807 2029 891 praedicat:
2060 817 2082 846 ‘
2102 810 2307 891 Quod

119 903 277 973 Rufi
312 921 682 986 cognomen
711 903 949 969 Curtio
1001 907 1429 984 asseruerim,
1464 908 1544 973 in
1573 927 1655 974 eo
1682 908 1853 975 adeo
1884 910 2147 996 culpam
2174 932 2308 980 um

117 1005 466 1088 deprecor,
510 1010 582 1070 ut
607 1004 806 1069 efiam
828 1004 1094 1069 laudem
1125 1005 1288 1070 mihi
1326 1004 1553 1071 deberi
1581 1009 1993 1088 contendam,
2034 1029 2187 1076 cum
2216 1015 2303 1078 ad

119 1107 504 1188 scriptorem
549 1123 682 1168 non
727 1106 999 1183 malum,
1044 1111 1215 1170 certe
1256 1108 1324 1172 in
1371 1109 1671 1187 historia,
1714 1129 1917 1192 quam
1958 1115 2301 1181 memoriae

117 1206 482 1282 mandavit,
511 1204 810 1282 unicum,
849 1226 1012 1271 mea·
1029 1225 1236 1290 opera
1264 1209 1462 1293 quasi
1493 1193 2303 1295 postliminiocognomen

117 1325 314 1371 suum
341 1305 558 1371 rediit.
645 1305 733 1371 Et
758 1307 1041 1372 facerem
1081 1307 1385 1390 profecto
1414 1307 1765 1392 flagitium,
1794 1311 1878 1388 si,
1906 1330 2055 1377 cum
2084 1313 2303 1380 eidem

113 1407 240 1472 hoc
283 1415 680 1491 perpetuum
709 1412 1040 1476 veterum.
1053 1406 1376 1473 librorum
1424 1427 1795 1476 consensus
1838 1412 2303 1516 t1·ibuat‚arn-¹

113 1506 350 1588 plius
327 1527 401 1570 m
425 1525 498 1571 re
522 1506 975 1572 manifestaria
1003 1505 1457 1590 disputarem!

198 1624 285 1670 ιι.
330 1607 586 1672 Auctor
629 1606 957 1673 Historiae
1001 1605 1252 1672 Rerum
1299 1610 1386 1682 ab
1422 1605 1809 1674 Alexandro
1842 1608 1942 1675 M.
1973 1555 2305 1693 gestarum·

118 1709 270 1792 quis
295 1709 506 1774 fuerit
519 1710 582 1772 ’ἱ
597 1715 713 1774 aut
740 1728 871 1792 quo
899 1716 1206 1791 tempore
1235 1709 1483 1774 vixerit
1499 1711 1553 1773 ’ἱ
1577 1729 1712 1793 qua
1739 1709 1896 1776 vitae
1924 1711 2304 1779 conditione

115 1827 280 1873 usus
329 1808 578 1872 fuerit?
624 1825 908 1893 prorsus
951 1827 1082 1873 non
1129 1814 1425 1885 constat,
1469 1811 1633 1894 quia
1680 1829 1895 1896 neque
1939 1813 2089 1897 ipse
2134 1815 2301 1880 satis

111 1909 332 1992 plane,
359 1927 440 1974 ac
480 1909 780 1975 dilucide
820 1928 907 1976 ea
951 1910 1300 1994 professus
1337 1919 1468 1990 est,
1508 1930 1729 1995 neque
1776 1913 2137 1995 aequalium
2180 1921 2303 1980 aut

111 2015 316 2074 aetate
359 2011 572 2094 paulo
613 2012 1062 2095 posteriorum
1096 2012 1459 2096 quisquam
1488 2000 1698 2077 Curtii
1746 2013 2071 2079 Historici
2116 2033 2303 2080 men·
2344 2091 2349 2096 ,

109 2109 371 2174 tionem
413 2109 598 2176 feeit.
684 2112 986 2178 Fuerunt
1023 2112 1328 2195 quidem,
1379 2113 1499 2196 qui
1552 2113 1903 2178 dulcedine
1953 2133 2035 2178 ac
2083 2116 2299 2180 nitore

113 2209 274 2292 styli
302 2207 608 2276 Curtiani
649 2211 904 2295 abrepti
949 2217 1155 2295 atque
1198 2231 1422 2290 aurea,
1466 2220 1548 2277 ut
1589 2213 1795 2292 aiunt,
1841 2220 2045 2279 aetate
2072 2214 2303 2279 Latini

113 2310 439 2375 sermonis
489 2311 762 2390 vixisse,
820 2332 974 2378 esse
1027 2313 1289 2397 aliquid
1340 2313 1490 2393 rati,
1547 2314 1707 2378 nihil
1757 2314 2076 2379 haberent
2126 2317 2299 2380 anti-

112 2410 340 2493 quius,
370 2430 578 2493 quam
605 2418 682 2478 nt
709 2412 1008 2481 Curtium
1036 2419 1327 2479 nostrum
1358 2414 1707 2481 Ciceronis
1735 2420 2105 2481 assererent
2130 2422 2299 2481 tem-⁶

111 2511 414 2591 poribus,
443 2518 530 2590 et,
560 2513 863 2595 neglecta
891 2532 1162 2598 prorsus
1191 2515 1414 2599 ipsius
1447 2514 1661 2581 Curtii
1689 2516 2133 2600 professione,
2178 2517 2296 2582 lib.

113 2623 185 2671 x.
223 2610 296 2674 9.
323 2610 393 2674 3.
437 2611 714 2705 eundem
760 2614 949 2679 illum
992 2634 1146 2679 esse
1195 2622 1641 2699 autumarent,
1689 2634 1887 2700 quem
1928 2615 2161 2699 Cicero
2206 2616 2297 2682 ad

113 2706 440 2785 Quintum
469 2712 736 2782 tratrem
763 2714 882 2780 lib.
915 2732 1027 2779 ιιι.
1059 2714 1191 2799 Ep.
1215 2715 1281 2780 2.
1306 2716 1542 2781 laudat
1571 2718 1856 2781 ‘bonum
1884 2722 1951 2782 et
1971 2717 2301 2783 eruditum

109 2810 649 2879 adolescentem:
733 2814 866 2880 Sed
891 2834 996 2896 ea,
1037 2834 1189 2899 quae
1216 2816 1529 2881 universe
1557 2818 1644 2883 de
1673 2816 1885 2882 Curtii
1911 2822 2109 2883 aetate
2137 2835 2299 2881 con-

111 2910 358 2977 firmari
384 2932 586 2996 posse
616 2913 938 2993 videntur,
978 2922 1048 2981 et
1089 2933 1244 2997 quae
1270 2915 1517 2979 talibus
1544 2916 1933 2999 opinionum
1963 2934 2297 2981 commen-

113 3012 198 3075 tis
226 3032 504 3095 prorsus
530 3016 987 3093 adversantur,
1027 3015 1180 3079 hmo
1224 3013 1362 3077 sere
1409 3021 1605 3079 sunt:
1650 3012 1945 3078 Primum
1992 3022 2155 3098 post
2181 3016 2298 3080 Li-

107 3112 290 3177 vium
316 3114 533 3195 vixit3
575 3133 730 3179 nam
769 3113 1070 3180 Curtium
1117 3114 1690 3180 studiosissimum
1720 3115 1871 3200 ejtns
1898 3116 2297 3181 imitatorem

109 3213 338 3291 fuisse,
381 3216 743 3281 manifesto
771 3218 1073 3300 apparet,
1115 3215 1322 3297 idque
1350 3214 1525 3279 infra
1548 3215 1771 3281 fusius
1800 3216 2304 3282 demonstrabo..

6 3400 8 3403 γ
111 3314 378 3380 Deinde
421 3318 624 3381 etiam
677 3323 838 3400 post
893 3314 1380 3395 Quintilianum
1434 3316 1710 3401 scripsit
1758 3315 2052 3382 Curtius.
2161 3316 2295 3382 Ille

6 3478 8 3481 ,
109 3415 286 3481 enim
313 3418 385 3481 in
410 3418 803 3484 recensione
829 3416 1123 3482 omnium
1172 3418 1571 3500 scriptorum
1614 3417 1797 3482 lectu
1836 3417 2181 3501 dignorum
2212 3436 2295 3481 ac

98 3517 436 3600 juventuti
477 3519 808 3585 studiosae
853 3518 1553 3611 commendandorum,
1604 3518 1827 3585 Instit.
1871 3516 2065 3581 Orat.
2111 3530 2191 3580 x.
2230 3518 2295 3581 1.

109 3618 320 3685 Curtii
347 3638 594 3685 nomen
615 3608 920 3685 omittere
949 3620 1256 3703 profecto
1275 3637 1406 3683 non
1438 3620 1787 3702 potuisset,
1811 3619 1871 3683 si
1900 3617 2105 3683 modo
2129 3616 2294 3684 Cur-

109 3720 239 3785 tius
291 3727 500 3785 aetate
548 3720 1028 3787 antecessisset
1075 3717 1585 3798 Quintilianum.
1670 3720 1911 3805 Itaque
1961 3718 2293 3803 probandi

107 3822 340 3905 potius
371 3828 528 3887 sunt
564 3821 706 3899 alii,
751 3820 891 3906 qui,
937 3820 1156 3905 ipsius
1200 3819 1413 3887 Curtii
1463 3821 1977 3887 declarationem
2022 3819 2294 3883 minime

109 3923 572 4006 negligendam
623 3941 776 3987 esse
823 3924 978 4000 rati,
1034 3922 1210 3988 loeis
1257 3922 1519 3988 duobus
1572 3920 1913 3988 Curtianae
1966 3919 2295 3987 Historiae

6 4050 8 4067 =
109 4026 212 4091 usi
268 4030 450 4103 sunt,
493 4026 580 4091 ad
626 4023 1068 4093 definiendam
1097 4029 1390 4091 ,aetatem
1427 4024 1745 4089 auctoris.
1834 4021 2087 4089 Verum
2115 4023 2291 4089 enim

109 4143 267 4191 vcro
293 4132 366 4189 et
391 4125 494 4189 bis
523 4125 694 4191 adeo
720 4124 888 4192 nihil
931 4130 1278 4208 conceptae
1323 4132 1573 4191 temere
1625 4125 1773 4211 spei
1820 4124 2173 4201 successit,
2201 4130 2329 4231 ,ut-
