2858 4782
527 350 618 412 '72
1316 368 1375 415 s.
1427 366 1936 417 ruzil-istruna

525 492 778 585 quanta'
803 498 972 585 'equis
1019 509 1340 588 pernicitas
1381 510 1593 570 esset?
1646 521 1793 592 quot
1838 512 2065 573 dierum
2112 512 2321 573 itinere
2372 512 2725 573 Macedonis

525 600 773 663 distaret
815 602 1030 664 Susis?
1071 624 1208 685 qum
1233 606 1358 684 regi
1389 624 1618 666 morum
1648 608 1764 681 via,
1793 626 2051 687 quaque
2076 606 2417 668 exercitatio
2440 610 2723 687 corporis,

523 708 704 777 atque
751 699 956 778 opinio
983 699 1216 761 virtutis
1257 702 1413 762 foret
1432 701 1478 760 2’
1560 706 1664 763 25.
1706 703 1950 777 Postea,
1994 722 2131 765 cum
2162 703 2521 784 deprecante
2550 705 2723 763 fratre

527 792 866 855 Memnonis
895 796 1193 871 Mentore,
1217 798 1389 878 cujus
1412 816 1671 859 sororem
1698 800 1759 858 in
1781 799 2157 861 matrimonio
2184 800 2519 860 Artabazus
2546 800 2723 859 habe-

523 890 676 960 bat,·
715 910 850 951 oum
890 893 1164 955 exulibus
1203 895 1264 953 in
1295 895 1546 975 gratiam
1573 894 1855 957 rediisset
1875 896 2104 967 Ochus,
2134 914 2355 975 eosque
2385 916 2422 956 a
2446 896 2721 974 Philippo

523 998 853 1067 repeteretz
895 985 1236 1051 Alexander
1281 992 1517 1070 legatos
1558 992 1788 1053 eximie
1816 994 1877 1053 in
1906 992 2142 1052 tantilla
2162 1002 2345 1053 oetate
2374 992 2593 1053 indolis
2621 993 2723 1051 ad-

522 1082 836 1143 miratione
859 1084 948 1145 ita
967 1086 1240 1165 perculit,
1267 1098 1337 1147 nt
1359 1106 1513 1149 unus
1542 1106 1747 1149 eorum
1774 1088 1835 1149 in
1862 1088 1995 1149 boc
2022 1090 2201 1150 verba
2240 1099 2648 1171 prorumperet
2668 1110 2683 1148 :
2700 1096 2722 1119 '

521 1184 544 1213 ⁸
565 1176 684 1238 Hic
725 1179 966 1259 quidem
1010 1200 1156 1261 puer
1196 1183 1460 1264 Mag-nus
1502 1195 1597 1244 est
1642 1183 1810 1252 Rem
1868 1194 2073 1245 noster
2120 1202 2283 1255 vero,
2332 1182 2549 1243 dives!
2624 1184 2721 1242 26.

524 1272 677 1335 Hoec
695 1286 894 1336 autem
913 1295 1049 1337 cum
1071 1279 1280 1341 merito
1297 1280 1539 1359 quidem
1568 1288 1797 1340 natnrae
1827 1299 1957 1341 suoe
1975 1281 2193 1341 debere
2216 1279 2541 1351 videretur,
2570 1276 2723 1339 haud

519 1369 716 1429 minu-s
763 1371 1120 1433 institutioni
1173 1374 1399 1436 debuit.
1506 1375 1659 1436 Nam
1710 1386 1879 1454 pater
1934 1377 2082 1437 satis
2138 1394 2383 1455 gnarus,
2434 1382 2721 1454 quantum

525 1464 957 1545 Epaminondoe
997 1470 1412 1531 commercium
1442 1471 1554 1531 sibi
1592 1470 1965 1551 profuisset,⁸
2004 1482 2346 1552 quantoque
2392 1471 2569 1550 plura
2606 1470 2722 1529 elo-

523 1553 788 1639 quentia,
815 1582 993 1643 quam
1023 1565 1080 1626 vi
1109 1562 1486 1639 confecisset,
1516 1583 1751 1627 summa
1776 1584 1921 1627 cura
1960 1567 2330 1639 incubuerat,
2352 1576 2423 1625 ut
2456 1582 2499 1625 a.
2530 1574 2727 1625 tenera

523 1657 723 1735 statim
751 1668 930 1720 etate
954 1659 1286 1722 liberalium
1314 1661 1530 1722 artium
1562 1662 1778 1723 studiis
1803 1664 1989 1742 probe
2014 1662 2393 1723 imbueretur.
2474 1664 2583 1719 27.
2612 1660 2725 1739 lgi-

521 1762 618 1810 tur
663 1752 1060 1827 Aristotelem,
1107 1757 1309 1835 magni
1336 1757 1593 1817 nominis
1622 1756 2067 1837 philosophum,
2094 1756 2438 1836 ingentibus
2466 1755 2722 1835 praemiis

519 1857 830 1909 evocatum
861 1851 1138 1929 perpulit,
1178 1861 1246 1912 ut
1273 1852 1451 1912 etiam
1493 1852 1683 1932 prima
1710 1852 2009 1913 literarum
2040 1854 2335 1913 elementa
2372 1870 2563 1931 puero
2606 1862 2723 1911 tra·

523 1940 894 2004 deret.''Nec
921 1946 1128 2006 abnuit
1151 1947 1238 2005 vir
1263 1946 1675 2019 doctissimus,
1702 1966 1840 2008 cum
1864 1948 2242 2028 intelligeret,
2261 1960 2551 2029 qnantum
2568 1958 2723 2008 esset

521 2056 559 2097 a
583 2038 875 2119 principio
911 2050 1072 2102 recte
1093 2042 1303 2103 instrui
1331 2041 1536 2102 multis
1562 2043 2017 2122 imperaturum:
2060 2045 2397 2124 frustraque
2424 2042 2721 2105 contemni

519 2152 630 2215 pro
655 2135 852 2213 parvis
881 2137 1010 2197 sine
1027 2138 1243 2217 quibus
1281 2136 1360 2199 ad
1390 2137 1617 2217 majora
1640 2136 1945 2216 profectus
1974 2158 2093 2203 nou
2123 2148 2305 2201 esset.
2388 2141 2489 2199 24.
2537 2135 2721 2197 Variis

523 2230 742 2291 deinde
781 2232 1099 2311 magistris,
1129 2244 1198 2293 ut
1241 2232 1396 2293 alius
1443 2232 1561 2292 alia
1607 2243 1735 2293 arte
1774 2234 2121 2307 excellebat,
2170 2252 2338 2307 usus,
2382 2254 2504 2295 non
2550 2232 2721 2294 modo

523 2336 781 2389 mentem
807 2330 1064 2410 egregiis
1091 2328 1360 2411 implerit
1385 2328 1760 2410 disciplinisg
1803 2348 2003 2390 verum
2050 2330 2231 2391 etiam
2274 2350 2495 2412 corpus
2538 2330 2721 2390 omnis

525 2425 756 2502 generis
783 2426 1325 2498 exercitationibus,
1353 2425 1432 2486 ad
1460 2443 1633 2486 usum
1663 2425 1971 2498 bellorum,
2014 2438 2077 2487 et
2120 2429 2467 2506 patientiam
2506 2425 2718 2488 laboris

523 2519 827 2581 edomuit:
871 2541 946 2581 ne
974 2535 1100 2582 tum
1147 2523 1386 2601 quidem
1437 2541 1686 2595 vacuus,
1740 2541 1878 2582 curn
1915 2523 2089 2583 otiari
2132 2523 2466 2592 videretur
2506 2523 2719 2604 quippe

523 2615 667 2696 pila,
693 2617 788 2675 vel
817 2616 1133 2678 saltatione
1159 2618 1332 2689 virili,
1373 2635 1493 2677 non
1542 2629 1662 2678 tam
1714 2616 1957 2678 laxabat
2004 2618 2283 2691 anirnum,
2324 2625 2511 2699 'qum
2556 2618 2715 2681 seriis

523 2713 828 2792 obsequiis
855 2713 1119 2774 membra
1145 2715 1541 2795 proeparabat.

605 2809 716 2869 111.
795 2813 847 2870 l.
892 2811 1218 2893 Postquam
1263 2811 1482 2874 deinde
1526 2821 1677 2872 oetas
1704 2822 1765 2873 et
1792 2813 2093 2892 ingenium
2120 2811 2423 2892 paulisper
2443 2809 2716 2877 adolevit,
2800 2797 2802 2802 ’

510 2905 756 2986 jamque
785 2911 1172 2972 severioribus
1200 2910 1415 2971 studiis
1444 2908 1699 2970 idoneus
1728 2910 1891 2968 visus
1920 2919 2034 2979 est,
2064 2918 2423 2981 revocatum,
2454 2909 2561 2987 qui
2600 2917 2718 2966 tum

525 3002 686 3080 apud
743 3004 1120 3084 Mitylenoeos
1173 3009 1414 3086 agebat,
1473 3004 1849 3065 Aristotelem
1906 3004 2191 3064 continuo
2238 3021 2441 3064 seeum
2496 3003 2715 3069 habuit,

453 3161 456 3166 ,
523 3097 714 3160 donec
737 3111 874 3178 post
900 3113 1146 3160 mortem
1177 3101 1360 3179 patris
1390 3119 1583 3160 rerum
1612 3102 1856 3178 potitus,
1884 3100 1945 3158 in
1970 3100 2172 3159 Asiam
2200 3099 2591 3177 transjiceret.
2658 3100 2713 3155 2.

526 3193 665 3260 Quo
709 3194 988 3272 temporis
1039 3195 1233 3274 spatio
1283 3195 1565 3281 quicquid
1610 3213 1647 3254 a
1690 3203 1859 3256 tanto
1902 3205 2267 3276 proeceptore
2312 3195 2473 3254 tradi
2512 3193 2712 3273 potuit,

521 3287 856 3369 perdidicit.
943 3291 1400 3368 cognoscendae
1445 3309 1636 3350 rerum
1668 3301 1943 3351 natum·
1982 3302 2155 3351 tanto
2178 3289 2411 3352 avidius
2437 3287 2716 3355 incubuit,

522 3395 748 3465 quanto
763 3387 1150 3464 pertinaciore
1182 3405 1288 3468 spe
1315 3388 1620 3468 imperium
1650 3387 1909 3446 universi
1931 3388 2089 3446 orbis
2110 3397 2493 3466 preceperat.
2534 3383 2715 3463 Cujus

521 3481 964 3561 indagationem
1021 3494 1234 3563 postea
1281 3502 1523 3563 quoque
1572 3483 1819 3563 adjuvit,
1866 3482 2045 3562 plane
2090 3483 2254 3562 regio
2296 3492 2359 3543 et
2405 3483 2621 3552 animo,
2660 3486 2715 3536 et

524 3590 742 3640 sumtu.
831 3583 888 3640 3.
933 3580 1258 3654 Aristoteli,
1289 3600 1408 3660 quo
1438 3590 1683 3640 naturas
1724 3577 2066 3638 animalium
2102 3578 2323 3638 certius
2362 3587 2547 3657 atque
2590 3591 2714 3656 per-

523 3677 786 3756 spectius
835 3677 1218 3740 commentari
1259 3685 1488 3758 posset,
1530 3685 1659 3736 tota
1695 3675 1842 3736 Asia
1877 3674 2235 3754 Graciaque
2260 3689 2469 3752 parere
2499 3665 2715 3752 jussit-⁵

523 3784 816 3854 quotquot
843 3783 1082 3844 venatu,
1111 3773 1384 3856 aucupio,
1409 3773 1719 3855 piscature
1746 3771 1927 3832 vitam
1953 3769 2310 3843 tolerabant,
2338 3778 2445 3830 aut
2464 3767 2711 3853 aliquam

591 3979 614 4006 ¹·
639 3971 794 4022 Diod.
813 3973 917 4022 Sir.
941 3987 1065 4025 xvi.
1085 3987 1142 4038 p.
1163 3977 1280 4026 888.
1663 3971 1827 4025 Noct.
1848 3969 1966 4023 Att.
1982 3983 2063 4022 rx.
2084 3975 2137 4022 8.

589 4056 614 4082 ’
636 4049 779 4098 Plut-
798 4049 866 4098 de
891 4049 1038 4099 Fert.
1058 4048 1212 4102 Alex.
1229 4063 1296 4101 u.
1319 4053 1404 4101 24.
1534 4050 1543 4056 ”
1726 4045 1946 4109 ’.Ὠίοκ
1982 4045 2159 4096 laert.
2198 4044 2257 4094 ln
2300 4043 2525 4096 Aristot.
2576 4040 2709 4092 Plut.

590 4132 614 4158 ¹
641 4125 796 4174 Diod.
819 4124 920 4174 Sic.
945 4137 1060 4174 xvr.
1081 4138 1136 4187 p.
1159 4128 1276 4176 ⁶10.
1664 4123 1817 4175 Alex.
1837 4136 1893 4185 p.
1912 4123 2031 4172 008.

589 4207 612 4244 1
629 4199 880 4253 Quinctil.
897 4199 1034 4252 lust.
1049 4199 1203 4252 Orat.
1217 4213 1256 4250 ι.
1276 4203 1322 4250 1.
1341 4204 1425 4251 2⁰.
1442 4199 1585 4252 Gell.
1740 4197 1764 4232 ὓ
1788 4196 1929 4248 Plin-
1956 4195 2097 4248 Hist.
2118 4193 2246 4248 Nat.
2268 4207 2395 4246 vm.
2412 4197 2494 4245 ιο.
