2858 4782
850 385 921 445 Q.
966 384 1233 433 cunm
1284 382 1464 432 nur-'1
1521 382 1668 431 ms.
1717 384 1786 431 v.
2275 368 2414 433 419

210 532 355 605 post
396 532 566 585 tanta
606 521 683 583 in·
700 542 795 585 me
824 544 1107 605 meosque
1132 524 1341 585 merita
1367 523 1654 583 adversus
1678 521 2202 584 clementissimum
2228 524 2415 586 victo-

214 638 342 679 rem
369 618 607 679 inimico
636 618 954 679 vivendum
991 619 1126 692 suit,
1169 628 1233 678 et
1270 638 1434 678 nunc
1474 620 1706 697 ingrato
1746 619 2115 680 moriendum
2157 632 2274 683 est.
2353 625 2418 685 4.

220 714 347 775 Sed
374 715 568 794 siqua
606 715 925 795 postremis
952 716 1295 775 miserorum
1324 714 1480 776 votis
1509 714 1668 794 apud
1703 716 1864 776 Deos
1892 716 1982 777 vis
2026 726 2140 803 est,
2179 726 2242 777 et
2279 735 2417 777 cnm

218 810 351 891 ipso
381 811 587 890 spiritu
626 811 900 891 profusas
948 832 1155 891 preces
1202 812 1399 873 mitius
1437 810 1681 891 aliquod
1725 831 1940 872 numen
1985 810 2272 879 exaudit3
2319 812 2418 871 ille

217 906 463 985 quidem
492 926 701 985 sospes
746 918 810 972 et
851 908 1184 981 incolumis,
1214 908 1513 988 longeque
1535 926 1716 988 supra
1743 908 2086 989 contagium
2113 928 2264 967 rneoe
2294 926 2418 967 sor·

219 1002 301 1061 tis
346 1011 406 1061 et
442 1000 729 1062 invidiam
775 1002 1025 1063 sortunae
1076 1004 1327 1084 positus,
1370 1001 1432 1062 in
1487 1003 1637 1063 solio
1682 1004 1823 1083 Cyri
1841 1003 2154 1083 gloriosam
2181 1012 2418 1063 oetatetn

218 1096 459 1177 exigat:
504 1117 745 1177 suaeque
768 1100 1001 1159 virtutis
1029 1118 1272 1170 memor,
1300 1118 1438 1157 eum
1465 1099 1638 1159 matri
1675 1097 1992 1179 liberisque
2031 1099 2180 1159 meis
2221 1100 2415 1159 locum

222 1190 388 1274 apud
418 1212 487 1252 se
516 1212 649 1255 esse
678 1195 958 1273 patiatur,
1008 1214 1181 1274 quem
1222 1194 1309 1254 illi
1355 1192 1474 1255 fide
1521 1204 1583 1255 et
1626 1196 1912 1273 obsequio
1955 1194 2315 1256 meruerint:
2359 1206 2423 1255 at

218 1286 547 1369 parricidas
576 1300 871 1370 promtum
896 1292 1135 1351 exitium
1163 1301 1586 1371 consequatur,
1623 1290 1787 1370 quod
1821 1290 2164 1350 Alexander
2203 1290 2436 1371 irroga--

218 1384 333 1457 bit,
380 1384 432 1443 si
472 1404 597 1444 non
630 1385 1030 1446 misericordia
1056 1384 1310 1446 infelicis
1338 1386 1551 1458 hostis,
1581 1386 1792 1446 saltem
1820 1384 1960 1447 odio
1989 1385 2338 1458 facinorum,
2365 1396 2427 1445 et

222 1499 303 1539 ne
330 1478 617 1559 impunita
644 1481 704 1540 in
734 1481 981 1542 aliorum
1011 1482 1186 1542 etiam
1210 1502 1414 1561 regum
1443 1502 1730 1562 suumque
1752 1480 1939 1561 ipsius
1963 1481 2204 1541 exitium
2231 1500 2426 1541 erum-

220 1574 415 1654 pant}
496 1576 556 1634 5.
599 1574 899 1649 Posthaec,
936 1598 1071 1638 cum
1136 1577 1229 1638 siti
1274 1591 1610 1657 angeretur,
1654 1574 1835 1636 allata
1877 1595 1982 1655 per
2026 1574 2428 1655 Polystratum

224 1688 385 1751 aqua
414 1678 762 1743 recreatus‚⁴¹
802 1678 819 1707 ‘
841 1672 1041 1751 Ergo,’
1082 1673 1184 1744 ait,
1227 1680 1242 1707 ⁸
1262 1672 1418 1735 hanc
1450 1673 1628 1733 etiam
1656 1672 1836 1731 tantis
1855 1672 2294 1731 calamitatibus
2321 1690 2426 1731 ex-

223 1774 476 1825 tremam
505 1765 787 1826 accedere
816 1766 1097 1847 oportuit,
1126 1778 1194 1827 ut
1220 1766 1584 1827 benemerito
1606 1766 1858 1845 gratiam
1885 1768 2099 1828 referre
2134 1787 2256 1827 non
2286 1784 2430 1847 pos-

226 1860 341 1920 sim
361 1864 375 1919 !
398 1888 421 1915 ι
448 1871 512 1920 at
532 1862 745 1922 referet
764 1863 1138 1932 Alexander3
1169 1863 1512 1923 Alexandro
1531 1882 1671 1923 vero
1702 1862 1840 1925 Dii:
1906 1863 2190 1922 Dextram
2214 1861 2430 1921 deinde

226 1954 551 2035 protendit,
593 1964 610 1991 ⁴
634 1974 881 2036 eamque
915 1957 1289 2030 ·Alexandro,
1332 1956 1472 2017 fidei
1512 1957 1693 2037 regiae
1721 1958 1960 2039 pignus,
1989 1957 2160 2018 ferri'
2188 1958 2430 2037 jubens,

226 2050 603 2129 apprehensa
649 2051 971 2132 Polystrati
1020 2073 1199 2113 manu
1250 2054 1505 2113 animam
1551 2054 1793 2113 efflavit.
1877 2056 1935 2114 6.
1974 2053 2314 2114 Alexander
2355 2073 2432 2113 an

229 2146 479 2225 spiranti
511 2147 708 2207 adhuc
758 2148 1181 2228 supervenerit,
1212 2149 1500 2231 incertum
1526 2158 1622 2210 est
1642 2170 1658 2209 ε
1678 2146 1697 2182 ¹
1732 2148 1878 2209 illud
1905 2158 2164 2222 constat,
2189 2149 2433 2209 misera-

228 2242 336 2303 bili
372 2244 527 2323 regis
576 2243 1009 2324 opulentissimi
1058 2245 1221 2305 exitu
1262 2256 1584 2323 comperto,
1612 2242 1888 2323 copiosas
1913 2243 2206 2325 lacrymas
2233 2244 2434 2324 profu-

232 2342 419 2416 disse,
438 2340 753 2419 statimque
767 2339 1081 2421 chlamyde
1104 2340 1217 2400 sibi·
1244 2340 1516 2401 detracta
1542 2358 1758 2418 corpus
1788 2339 2142 2420 operuisse}
2169 2348 2230 2400 et
2265 2356 2433 2418 mag·

232 2456 317 2498 no
356 2457 493 2498 cum
534 2435 761 2496 honore
802 2435 918 2494 ‘ad
962 2454 1103 2496 suos
1154 2435 1366 2496 deferri
1389 2436 1405 2460 ’
1437 2436 1714 2513 jussisse,
1759 2441 1776 2470 ⁶
1799 2443 1870 2494 ut
1916 2435 2080 2514 regio
2119 2434 2439 2496 Persarum

230 2552 397 2594 more
423 2543 692 2592 curatum
727 2531 1125 2591 monumentis
1164 2530 1453 2609 majorum
1487 2529 1867 2610 inferretur.’=
1947 2533 2006 2588 7.
2053 2527 2436 2609 Ingratitudi-

232 2649 375 2692 nem
400 2627 720 2699 hominum,
742 2646 777 2687 a
799 2628 931 2706 quis
961 2647 1067 2708 pro
1090 2628 1332 2688 summis
1358 2627 1658 2688 beneficiis
1687 2625 1930 2686 crudele
1957 2625 2200 2688 exitium
2216 2627 2436 2686 Darius

232 2723 500 2810 pertulit,
528 2742 869 2804 quanquam
898 2735 1111 2804 suopte
1141 2723 1381 2803 ingenio
1407 2721 1768 2782 horrendam
1802 2730 1864 2781 et
1900 2720 2303 2796 execrabilem,
2347 2721 2441 2780 in·

234 2818 501 2900 signiore
551 2819 657 2878 ad·
673 2819 1079 2897 posteritatem
1121 2817 1364 2878 infamia
1407 2816 1715 2876 damnavit
1747 2816 1910 2876 canis
1957 2815 2268 2895 eujusdam
2295 2816 2444 2877 mira

236 2915 429 2988 fides,¹
452 2914 553 2993 qui
593 2915 669 2974 ab
696 2913 970 2974 omnibus
1006 2913 1393 2974 familiaribus
1435 2912 1720 2972 derelicto
1768 2909 1930 2971 solus
1959 2909 2146 2984 affuit,
2175 2919 2237 2971 et
2262 2930 2442 2990 quarn

236 3012 299 3070 in
328 3009 526 3070 vivum
564 3027 688 3090 pree
731 3028 795 3068 se
837 3009 974 3068 tulit
999 3009 1498 3081 benevolentiam,
1538 3003 1807 3068 morienti
1836 3026 2074 3087 quoque
2102 3015 2444 3067 constanter

240 3104 545 3185 praestitit.
631 3107 687 3164 8.
734 3104 913 3163 Hunc
944 3103 1081 3164 vitoe
1110 3105 1284 3164 finem
1315 3103 1534 3164 sortius
1561 3113 1656 3164 est
1681 3102 1801 3175 ille,
1828 3122 2004 3183 quem
2033 3101 2208 3164 modo
2234 3113 2446 3163 contu-

238 3200 420 3261 melia
461 3198 615 3258 affici
657 3201 971 3278 putabant,
1013 3199 1127 3258 nisi
1177 3207 1416 3278 ‘regem
1444 3219 1672 3278 regum,
1713 3209 1774 3258 et
1802 3199 2066 3259 Deorum
2093 3199 2451 3278 consangui-

238 3314 418 3356 neum
443 3294 459 3318 ’
488 3293 853 3354 salutarent:
896 3314 1233 3375 magnoque
1253 3294 1466 3354 iterum
1499 3287 1900 3375 experimento
1925 3295 2312 3376 approbatum
2333 3303 2448 3365 est,

240 3391 540 3451 neminem
564 3389 755 3469 magis
784 3401 987 3470 patere
1015 3392 1292 3464 fortunae,
1330 3409 1510 3470 quam
1538 3390 1662 3469 qui,
1689 3391 1955 3474 pluribus
1977 3389 2241 3472 ejusdem
2277 3388 2446 3449 blan-

241 3485 405 3547 ditiis
433 3485 712 3558 irretitus,
724 3485 936 3566 jugum
964 3486 1123 3548 illius
1148 3483 1280 3549 'tota
1308 3487 1536 3548 cervice
1563 3488 1866 3570 receperit.

308 3675 347 3712 θ’
364 3677 510 3728 Prot.
534 3679 567 3730 l.
589 3679 625 3729 l.
1454 3680 1480 3716 Ι·
1511 3682 1658 3732 Plut.
1677 3683 1710 3732 1.
1727 3683 1761 3732 l.
1787 3679 2119 3731 Diodor.8ic.
2135 3680 2222 3732 tl.
2243 3676 2450 3730 Attin.

312 3762 339 3790 ⁸
438 3788 451 3801 ο
490 3787 504 3803 ο
544 3789 557 3803 ο

244 3909 287 3959 ι
308 3829 337 3956 ¹¹
362 3755 578 3881 llssoilidr.
610 3829 715 3881 Sic.
752 3841 897 3882 xvn.
938 3833 1055 3880 σοι.
1108 3828 1312 3883 Ars-ian.
1388 3758 1695 3963 :Elissam
1739 3833 1794 3882 in
1833 3832 2040 3885 chron..
2080 3831 2272 3884 AElian.
2307 3830 2449 3884 Hist-

330 3941 345 3956 .
1482 3909 1569 3959 ἐι.
1591 3921 1672 3961 vr.
1692 3913 1778 3960 25.

314 3989 343 4030 ι
362 3981 509 4036 Plut.
528 3981 563 4031 l-
579 3981 615 4032 l·
656 3980 877 4034 Diodor.
896 3981 998 4034 Sic.
1008 3981 1111 4036 ,1.1.
