2858 4782
455 348 586 413 142
1247 358 1305 405 s.
1353 354 1866 405 rnnrnsnsmn

456 504 780 584 gatissimae
805 502 998 561 famae.
1077 498 1392 578 Reliquam
1429 497 1875 559 multitudinem
1912 516 2127 577 resque
2154 499 2445 579 pretiosas
2472 500 2677 560 duces

456 609 780 659 avexerunt.
801 598 864 657 in
892 598 1024 656 Con
1051 596 1355 655 insulam.⁰
1436 598 1539 655 22.
1584 596 1921 655 Alexander
1948 596 2167 656 indicio
2196 596 2674 676 transfugarum,

453 705 517 755 et
556 695 792 773 objecta
841 692 1032 753 oculis
1086 693 1304 771 speeie,
1357 710 1500 770 qum.
1550 690 1613 750 in
1659 690 1805 750 urbe
1859 702 2032 770 gesta
2078 690 2332 751 fuissent
2376 692 2672 771 cognitis,

453 808 792 869 quanquam
838 787 1039 848 media
1079 796 1280 857 nocte,
1328 784 1699 847 Macedonas
1726 786 1831 844 ‘iu
1876 788 2075 847 urbem
2119 786 2355 857 irruere,
2400 796 2462 847 et
2507 804 2673 866 quos

451 885 790 945 incendium
835 894 1126 963 aug-entes
1175 882 1728 962 deprehendissent,
1754 882 2120 950 interficere3
2164 883 2215 941 si
2256 884 2357 960 qui
2398 881 2562 941 domi
2592 901 2673 943 se

451 981 846 1052 continerent,
875 982 952 1039 ab
991 998 1194 1040 eorum
1243 977 1410 1038 caede
1458 977 1819 1058 temperare’
1837 978 2029 1056 jubet.
2112 980 2213 1039 23.
2258 978 2414 1037 Luce
2448 980 2675 1039 oborta

453 1096 619 1137 arces
639 1096 686 1137 a
713 1076 914 1137 Persis
941 1086 1002 1136 et
1028 1074 1402 1135 mercenariis
1445 1074 1711 1135 insessas
1738 1072 2199 1152 contemplatus,
2226 1092 2363 1133 cum
2394 1073 2675 1133 obsidio-

450 1190 588 1232 nem
641 1190 844 1232 earum
897 1172 1060 1251 longi
1114 1171 1307 1253 operi-s
1363 1171 1622 1231 futuram
1680 1170 2102 1250 suspicaretur,
2158 1188 2351 1247 neque
2404 1169 2675 1248 pretium

449 1277 703 1345 putaret,
745 1268 942 1346 capite
997 1267 1192 1346 gentis
1245 1276 1613 1345 expugnate,
1666 1264 1900 1326 duabus
1970 1265 2203 1325 arcibus
2272 1264 2675 1336 assidentem,

452 1362 669 1441 agendi
718 1372 948 1441 tempus
996 1380 1103 1441 per
1150 1361 1336 1422 otium
1379 1374 1442 1421 et
1484 1362 1755 1422 inertiam
1804 1370 2026 1429 terere;
2068 1364 2171 1419 24.
2210 1360 2416 1419 urbem
2463 1361 2671 1439 ipsam

449 1458 800 1529 exscindit?
825 1476 990 1519 arces
1035 1476 1202 1518 muro
1247 1458 1528 1536 fossaque
1572 1458 1996 1535 circumseptas
2041 1454 2426 1516 Ptolemaeum
2454 1456 2675 1515 obser-

448 1572 588 1613 vare
623 1554 848 1633 jubet,‘¹
875 1573 1054 1635 quem
1095 1574 1232 1616 cum
1282 1555 1473 1614 tribus
1522 1553 1781 1613 millibus
1830 1552 2271 1631 peregrinorum
2298 1551 2567 1621 militum,
2596 1562 2674 1610 et

448 1650 744 1728 equitibus
773 1650 1046 1711 ducentis
1070 1649 1150 1710 ad
1175 1649 1413 1711 Cariam
1443 1647 1729 1709 tuendam
1764 1646 2152 1725 relinquebat.
2236 1648 2295 1705 ls
2322 1666 2441 1705 nou
2470 1645 2671 1725 longo

448 1756 586 1825 post
638 1758 924 1827 tempore,
979 1745 1170 1825 copiis
1225 1764 1362 1805 cum
1417 1743 1697 1804 Asandro
1742 1742 1943 1823 Lydiae
1990 1754 2243 1822 praetore
2294 1741 2667 1820 conjunctis,

449 1844 860 1902 Orontobaten
889 1842 1016 1901 acie
1039 1842 1177 1901 vicit
1197 1860 1214 1900 ε
1231 1842 1253 1868 ’
1277 1852 1342 1900 et
1366 1840 1826 1913 Macedonibus,
1850 1840 1937 1899 ira
1957 1838 2256 1917 taedioque
2272 1837 2669 1899 diuturnioris

447 1955 652 2010 morae,
695 1936 1125 2017 oppugnationi
1173 1935 1388 1996 acriter
1432 1934 1931 2006 incumbentibus,
1970 1952 2139 1993 arces
2186 1934 2247 1992 in
2296 1942 2667 2011 potestatem

448 2030 710 2091 redactae
755 2042 916 2089 sunt.
999 2032 1098 2089 25.
1141 2030 1226 2089 At
1267 2046 1369 2089 rex
1418 2028 1737 2108 Phrygiam
1776 2028 2267 2107 continentesque
2312 2029 2659 2107 provincias

449 2126 644 2185 auimo
671 2124 1056 2203 complexus,⁸
1077 2124 1529 2185 Parmenionem
1558 2141 1694 2182 cum
1726 2124 2055 2181 ¹amicorum
2080 2123 2289 2183 turmis
2316 2134 2377 2183 et
2402 2123 2661 2184 auxilia-

447 2220 549 2281 riis
575 2220 898 2299 equitibus,
921 2218 1345 2298 Thessalisque
1393 2219 1608 2297 quibus
1638 2216 1981 2278 Alexander
2016 2218 2338 2298 Lyncestes
2380 2232 2663 2297 praeerat,

449 2314 670 2375 Sardes
713 2316 936 2383 mittin
982 2323 998 2349 ⁸
1029 2324 1098 2374 ut
1140 2313 1282 2373 inde
1318 2314 1378 2372 iu
1432 2312 1749 2395 Phrygiam
1788 2312 2052 2386 irrueret,
2076 2326 2440 2395 venturoque
2482 2334 2667 2376 exer-

447 2412 590 2473 citui
638 2419 1032 2472 commeatum
1071 2420 1133 2471 et
1175 2411 1459 2488 pabulum
1502 2429 1580 2470 ex
1622 2409 1857 2469 hostico
1894 2420 2135 2488 pararet
2154 2410 2191 2470 τ’
2232 2410 2377 2470 data
2416 2411 2491 2471 ad
2532 2413 2661 2473 hoc

447 2505 737 2586 plaustra,
785 2525 922 2584 quse
965 2504 1138 2565 simul
1165 2505 1548 2566 ducerentur.
1658 2505 1758 2564 26³
1802 2505 1955 2564 Cum
1994 2505 2212 2566 deinde
2252 2506 2472 2567 multos
2513 2507 2659 2568 Ma·

449 2601 762 2673 cedonum,
807 2603 988 2679 paulo
1045 2608 1184 2660 ante
1225 2619 1358 2660 eam
1413 2599 1853 2680 expeditionem
1896 2600 2091 2661 ductis
2142 2603 2443 2675 uxoribus,
2492 2605 2664 2664 desi·

447 2693 676 2756 derium
719 2714 922 2756 earum
970 2695 1345 2776 impatienter
1389 2695 1544 2756 ferre
1589 2697 2011 2774 cognovissem
2040 2709 2065 2735 ⁸
2104 2697 2494 2758 Ptolemoeum
2542 2699 2659 2760 Se·-

445 2793 602 2852 leuci
629 2789 814 2852 filium
839 2793 1102 2873 corporis
1141 2790 1453 2851 custodem
1482 2792 1552 2850 iis
1579 2791 1867 2872 proefecit,
1895 2799 1915 2834 ⁶
1937 2791 2295 2871 domumque
2320 2793 2621 2856 deducere
2644 2795 2665 2820 ’

435 2887 641 2966 jussit,
665 2896 683 2924 ‘
700 2907 836 2947 cum
855 2887 1138 2947 uxoribus
1153 2885 1629 2965 hybernaturost'
1656 2886 1777 2946 duo
1798 2906 2037 2966 quoque
2059 2909 2134 2947 ex
2154 2890 2404 2949 ducibus
2426 2891 2659 2952 Coenos

445 2996 628 3062 atque
676 2981 983 3060 Meleager
1027 2983 1104 3041 ob
1149 2983 1402 3042 eandem
1446 3001 1691 3044 causam
1730 3001 1849 3040 una
1896 2984 2144 3063 profecti
2190 2995 2349 3044 sunt.
2430 2987 2531 3048 2⁷.
2579 2987 2659 3047 Id

445 3078 572 3155 regi
639 3095 875 3154 magum
943 3076 1105 3154 apud
1159 3075 1376 3137 mflites
1436 3078 1939 3140 commendationi
1994 3077 2126 3149 suit,
2182 3082 2657 3160 promtior-esque

447 3169 664 3256 deiude
707 3188 810 3230 eos
859 3167 937 3228 ad
983 3169 1369 3249 longinquam
1415 3169 1693 3233 militiam
1734 3172 2011 3247 reddidit,
2039 3192 2174 3234 cum
2218 3178 2309 3235 sui
2358 3163 2653 3238 rationem

446 3264 708 3324 habitam
748 3263 1034 3338 viderent,
1062 3277 1485 3346 sperat-eatque
1530 3267 1813 3349 deinceps
1856 3269 2034 3330 etiam
2074 3270 2153 3330 ad
2194 3289 2334 3332 suos
2364 3273 2651 3334 visendos

447 3359 700 3420 subinde
743 3370 1134 3420 commeatum
1177 3361 1593 3441 impetraturos
1636 3381 1792 3424 esse.
1876 3367 1977 3424 28.
2018 3365 2285 3426 Ducibus
2313 3367 2652 3446 injunctum

443 3465 558 3530 est,
589 3463 608 3489 ‘
634 3465 704 3515 ut
737 3455 992 3530 interim,
1021 3456 1162 3514 dum
1187 3456 1250 3516 in
1279 3455 1639 3518 Macedonia
1687 3469 2071 3531 morarentur,
2102 3471 2338 3522 strenue
2376 3462 2653 3524 delectus

446 3561 727 3630 agerent:
771 3562 1144 3631 quantasque
1189 3553 1475 3614 maximas
1516 3564 1767 3633 possent
1806 3554 2069 3632 equitum
2120 3550 2513 3635 peditumque
2544 3577 2653 3617 co·

444 3649 758 3726 pias,'cum
785 3647 858 3708 iis
885 3649 986 3727 qui
1014 3658 1139 3708 tum
1165 3648 1428 3720 abibant,
1451 3649 1562 3708 sub
1592 3649 1816 3708 initium
1834 3649 1986 3709 veris
2016 3649 2423 3712 adducerent!
2440 3661 2463 3688 '
2542 3657 2646 3713 29.

445 3743 872 3806 Animadverso
899 3753 1098 3805 autem
1125 3744 1447 3806 exereitum
1464 3745 1735 3806 Asiaticis
1756 3745 2015 3806 moribus
2046 3746 2227 3819 infici,
2246 3765 2647 3828 magnamque

511 3939 535 3964 ⁰
567 3933 721 3985 Diod.
743 3937 778 3986 1.
801 3937 838 3988 1.
1583 3947 1701 3987 xxv.
1723 3952 1772 4001 p.
1792 3941 1908 3988 657.

511 4015 538 4048 Ρ
573 4008 655 4058 Id.
677 4011 763 4060 Ι.Ι.
1654 4020 1672 4050 ‘
1692 4018 1904 4068 Arrian.
1926 4031 1965 4068 1.
1990 4021 2071 4068 2⁵.

509 4089 536 4124 ⁴¹
569 4083 776 4132 Arrian-
799 4084 833 4132 1.
853 4087 889 4134 l.
1647 4100 1669 4125 ¹·
1703 4092 2029 4144 Arriani-11

511 4163 532 4192 ¹
565 4157 940 4209 Curnmdat.
960 4159 1501 4213 Ari-tammastrnb.
1648 4173 1671 4199 ⁷
1706 4166 1785 4216 Id.
1806 4169 1842 4216 Ι.
1866 4166 1905 4217 1.
