2858 4782
545 417 654 486 38·
1365 430 1937 482 rnonsscoMnNA
1982 481 1989 486 .

551 579 758 657 disse,
792 577 890 640 nai
926 579 1154 648 πολλοῖς
1195 572 1420 660 χρόνοις
1460 573 1556 651 ἤδη
1602 572 1963 653 βασιλεύοντι
1996 571 2332 659 Λυσίμαχῳ
2358 579 2471 636 τῶν
2499 571 2785 653 βιβλίων

550 682 616 744 τδ
637 677 903 765 τέταρτον
932 676 1357 762 ἀναγινώσκειν,
1386 678 1439 737 ἓν
1477 673 1521 762 ᾧ
1543 675 1873 761 γέγραπται
1900 675 2025 760 περὶ
2056 679 2159 750 τῆς
2183 673 2512 756 Ἀμαζόνος·
2540 677 2647 739 τὸν
2672 673 2783 744 οὖν

549 782 896 866 Λυσίμαχον
945 779 1168 866 ἀτρέμα
1216 775 1612 859 μειδιάσαντα,
1662 778 1759 839 καὶ
1817 782 1943 854 τοῦ,
1994 774 2194 856 speivan,
2242 777 2363 838 τότ’
2406 775 2553 856 ἥμην
2600 775 2735 860 ἐγώ
2760 799 2783 856 ;

551 883 792 950 Strabo
845 897 978 945 XV·
1023 879 1175 945 698.
1219 878 1304 942 de
1348 879 1513 944 illo:
1572 876 1685 941 ⁶0¹⁹
1734 885 1845 941 τῶν
1886 875 2215 962 παραδόξων
2264 877 2785 963 ἀρχικυβερνήτην

549 983 834 1068 προσείποι
885 1007 968 1056 τις
1017 981 1107 1044 ἄν·
1151 979 1611 1066 ὑπερβάλλεσθαι
1656 979 1713 1042 δὲ
1756 982 1902 1043 δοκεῖ
1941 979 2069 1053 τοὺς
2110 978 2408 1052 τοσούτους
2434 980 2640 1052 ἐκεῖνος
2692 985 2785 1062 τῇ·

550 1083 954 1170 τερατολογίᾳ.
1013 1081 1205 1147 Conf.
1237 1080 1503 1146 Ari-ian.
1537 1099 1641 1145 vl.
1682 1081 1745 1145 2.
1786 1083 1851 1146 6.
1879 1087 1947 1144 et
1980 1097 2114 1145 vu.
2152 1083 2219 1145 5.
2248 1082 2319 1143 9.
2406 1079 2631 1144 Etiam
2670 1079 2785 1142 A.

553 1185 815 1251 Gellius
849 1184 914 1248 Ν
919 1192 1056 1247 oct.
1089 1180 1237 1246 Att.
1273 1197 1353 1245 X.
1381 1185 1445 1246 4.
1476 1201 1627 1246 eum
1659 1182 2081 1247 contumeliae
2110 1183 2367 1265 potiuS,
2400 1199 2603 1264 quam
2634 1181 2787 1246 ho-

551 1287 733 1350 noris
766 1303 972 1349 causa
1003 1283 1326 1347 nominat.

647 1385 1053 1462 Clitarchus,
1083 1383 1566 1449 Alexandriam
1600 1384 2058 1471 expeditionis
2088 1384 2318 1450 itidem
2348 1403 2575 1449 comes
2608 1383 2783 1448 Res

556 1489 642 1552 ab
673 1489 801 1552 isto
829 1506 980 1569 rege
1025 1493 1274 1570 gestaS,
1313 1505 1451 1551 non
1482 1487 1755 1570 quidem
1786 1492 1862 1551 ut
1891 1506 2117 1550 veram
2148 1492 2217 1551 et
2244 1485 2533 1550 solidam
2564 1503 2785 1549 com-

552 1596 832 1673 poneret
876 1587 1282 1664 Historiam,
1315 1588 1435 1651 sed
1480 1597 1555 1652 ut
1594 1589 1925 1671 ingenium
1959 1607 2154 1652 suum
2184 1593 2521 1652 exerceret
2548 1593 2783 1669 atque

555 1696 947 1764 ostentaret,
978 1689 1350 1754 describere
1380 1699 1664 1755 conatus
1692 1697 1817 1754 est.
1871 1691 2213 1771 Longinus
2246 1705 2359 1752 ιιι.
2388 1689 2454 1753 2.
2484 1686 2783 1770 φλοιῶδης

555 1790 604 1853 δ’
647 1795 782 1875 ἀνὴρ
825 1789 1261 1876 (Κλείταρχος)
1305 1793 1404 1854 καὶ
1452 1799 1669 1871 Φυσῶν,
1702 1795 1859 1854 κατα
1902 1792 1995 1853 τὸν
2026 1788 2356 1871 Σοφοκλέα,
2386 1791 2447 1852 οὔ
2490 1793 2785 1874 σμικροῖς

555 1893 658 1970 μὲν
687 1891 1014 1955 αὕλίσκοισι
1045 1896 1304 1978 pogen&
1325 1896 1368 1955 δ’
1399 1892 1561 1982 ἅτις,
1594 1895 1798 1978 quod,
1830 1895 1926 1957 uti
1957 1915 1997 1957 e
2027 1893 2371 1957 Ciceronis
2409 1891 2497 1955 ad
2543 1889 2783 1957 Attio.

559 2009 642 2055 ιι.
673 1993 795 2075 Ep.
825 1993 934 2056 16.
966 1994 1308 2073 discimu8‚
1337 1996 1420 2059 de
1452 1997 1534 2060 iis
1564 1997 2033 2080 usurpabatur,
2067 1996 2185 2078 qui
2232 1995 2303 2057 in
2334 2011 2575 2074 magna
2606 1995 2785 2075 qui-

557 2093 704 2157 dem
739 2115 808 2157 re
841 2097 1302 2173 versabantur,
1347 2097 1466 2160 sed
1510 2097 1779 2161 modum
1826 2103 2044 2160 tamen
2086 2094 2523 2159 excedebant.
2614 2093 2785 2156 Cli-

557 2195 834 2258 tarchus
865 2203 1091 2259 autem
1120 2215 1248 2259 non
1280 2198 1497 2262 solum
1530 2200 1602 2261 in
1642 2199 1907 2279 magnis
1944 2199 2143 2261 rebus
2176 2215 2447 2260 versans
2476 2195 2783 2261 modum

555 2297 873 2374 excessit,
921 2298 1042 2360 sed
1089 2300 1543 2363 minutissima
1586 2319 1771 2382 saepe
1818 2298 2087 2381 grandia
2130 2299 2313 2362 fecit.
2403 2298 2521 2363 Sic
2574 2313 2643 2358 ν.
2706 2319 2783 2362 c.

557 2398 940 2463 Demetrius
970 2399 1336 2465 Phalereus
1365 2402 1435 2465 in
1461 2400 1697 2465 libello
1730 2400 1867 2487 Περὶ
1896 2398 2226 2487 'Egra-mim
2246 2400 2396 2464 304.
2416 2401 2567 2482 jure
2600 2418 2783 2465 eum

557 2499 752 2576 ridet,
783 2500 984 2581 quod,
1017 2520 1167 2563 cum
1202 2501 1286 2564 de
1317 2502 1607 2580 animali,
1637 2502 1902 2567 Graecis
1932 2498 2225 2585 τενθρηδαῗν
2253 2499 2459 2577 dicto,
2492 2500 2627 2579 ζῶον
2656 2526 2787 2579 με-

557 2598 733 2685 ›eico-32
748 2602 916 2674 ἐοικὸς
931 2599 1148 2685 (einer
1164 2599 1445 2685 Wespe)
1460 2607 1772 2679 narraret,
1787 2622 1918 2667 uon
1940 2601 2136 2666 aliter
2150 2601 2471 2665 sitlocutu
2479 2620 2531 2677 s,
2544 2620 2784 2683 quam

557 2702 614 2763 si
635 2702 722 2764 de
751 2700 894 2765 fero
923 2703 1116 2777 bove,
1144 2700 1254 2764 vel
1285 2722 1455 2783 apro
1484 2702 1918 2787 Erymanthio
1945 2710 2125 2765 esset
2147 2720 2389 2766 sermo.
2436 2701 2737 2767 Scilicet
2761 2723 2785 2769 t

560 2799 940 2884 κατανέμεται
969 2804 1074 2885 μὲν
1099 2806 1196 2880 τὴν
1226 2805 1446 2888 ὀρεινὴν,
1478 2804 1801 2868 εἷσῖπταται
1829 2806 1885 2867 δὲ
1908 2809 1981 2878 εἰς
2001 2806 2105 2877 τὰς
2138 2803 2335 2876 κοίλας
2358 2804 2501 2887 δρῦς.
2548 2804 2787 2870 Hunc

558 2902 780 2989 ἄχαςιν
809 2906 902 2967 τὸν
925 2903 1096 2990 Myon
1123 2900 1252 2985 ἅμα
1281 2906 1390 2968 καὶ·
1405 2906 1655 2993 ψυχρὸν,
1687 2909 1779 2972 uti
1811 2907 2061 2971 ibidem
2090 2914 2384 2983 vocatur,
2408 2914 2475 2969 et
2502 2904 2789 2974 sim'ilia

557 3006 800 3070 Cicero
845 2993 990 3071 sine
1036 3007 1241 3071 dubio
1277 3014 1599 3091 respexit,
1633 3029 1782 3075 cum
1815 3010 1899 3073 de
1932 3010 2164 3090 Legib.
2197 3023 2248 3069 1.
2276 3007 2341 3071 2.
2369 3010 2469 3072 ita
2498 3008 2785 3073 seribe-

556 3113 689 3169 ret:
722 3110 744 3142 ‘
765 3108 1053 3169 Sisenna
1077 3126 1310 3170 omnes
1335 3108 1559 3173 adhuc
1586 3115 1852 3174 nostros
1877 3111 2260 3191 scriptores,
2292 3108 2425 3171 nisi
2442 3109 2563 3189 qui
2588 3108 2787 3193 forte

555 3205 844 3270 nondum
898 3205 1274 3281 ediderunt,
1327 3207 1410 3270 de
1455 3210 1704 3291 quibus
1757 3210 2143 3273 existimare
2190 3228 2325 3273 non
2358 3228 2781 3291 possumuS,

555 3306 754 3371 facile
783 3307 1150 3389 superavit.
1241 3307 1310 3370 Is
1343 3314 1565 3372 tamen
1588 3328 1807 3393 neque
1848 3309 2093 3373 Orator
2119 3312 2191 3373 in
2224 3328 2496 3373 numero
2526 3318 2783 3375 vestro

562 3413 668 3471 est
687 3408 954 3473 habitus
981 3408 1138 3471 etin
1161 3407 1475 3473 Historia
1496 3411 1749 3493 puerile
1772 3412 2089 3495 quiddam
2118 3418 2432 3487 sectatur,
2456 3417 2531 3474 ut
2548 3430 2791 3475 unum

553 3508 981 3585 Clitarchum,
1032 3528 1245 3591 neque
1294 3516 1611 3592 praeterea
1660 3532 2037 3595 quenquam
2083 3512 2166 3575 de
2214 3512 2480 3577 Graecis
2510 3512 2787 3593 legisse

554 3610 904 3673 videatur:
949 3628 1098 3673 eum
1119 3616 1342 3675 tamen
1364 3613 1543 3678 velle
1567 3614 1899 3678 duntaxat
1920 3614 2168 3678 imitari
2193 3634 2209 3677 ε
2257 3632 2457 3695 quem
2484 3612 2542 3675 si
2564 3632 2791 3678 asse-

555 3710 671 3794 qui
695 3718 952 3796 posset,
991 3712 1398 3793 aliquantum
1434 3716 1520 3778 ab
1554 3718 1809 3799 optimo
1838 3723 2051 3781 tamen
2084 3714 2401 3779 abesset?
2492 3712 2791 3791 Quinti-

551 3812 779 3877 lianus
801 3814 915 3877 lib.
951 3828 1025 3877 X.
1062 3814 1118 3875 l.
1162 3813 1525 3879 ‘Clitarchi
1549 3820 1875 3899 probatur
1902 3820 2254 3901 ingenium,
2277 3816 2445 3881 fides
2469 3816 2791 3882 infama-

553 3912 700 3977 tur!
785 3912 1058 3978 Curtius
1087 3915 1192 3980 bis
1223 3935 1376 3979 eum
1405 3918 1576 3983 citat
1606 3935 1717 3981 lx.
1748 3922 1811 3985 5.
1840 3922 1947 3985 27.
1990 3918 2139 4005 (ubi
2176 3936 2325 3981 eum
2368 3917 2469 3980 vel
2504 3922 2797 3984 securi-

555 4016 718 4079 tatis
743 4015 846 4077 vel
879 4014 1290 4081 credulitatis
1329 4020 1631 4105 incusat)
1656 4028 1725 4085 et
1756 4038 1869 4088 rx.
1900 4020 1965 4085 8.
1994 4022 2099 4085 15.

643 4113 962 4196 Hegesiae
994 4114 1331 4197 Magnesii
1376 4123 1635 4205 scripta
1680 4120 1765 4186 A.
1809 4122 2075 4187 Gellius
2111 4134 2219 4187 ix.
2250 4122 2314 4185 4.
2360 4118 2796 4189 Graecorum

555 4216 746 4281 libris
775 4222 1163 4279 annumerat
1191 4219 1653 4289 miraculorum
1686 4223 2198 4305 fabularumque
2226 4220 2473 4305 plenis.
2562 4220 2795 4304 Stylo
