2858 4782
455 334 547 400 74
1002 357 1010 363 ·
1259 351 1320 398 J.
1367 349 1871 410 raatnsuumr

459 489 644 550 tentia
665 489 950 550 hactenus
973 489 1130 550 haud
1147 491 1422 571 impareS,
1437 493 1747 572 aegerrime
1765 492 2045 564 tulerant,
2072 495 2183 554 sub
2204 513 2345 573 rege
2372 495 2657 558 bellicoso

457 586 740 666 vafroque
787 587 952 664 regni
995 606 1140 666 opes
1195 607 1483 661 crescere,
1532 589 1753 650 accolis
1808 590 2150 670 perniciem,
2202 603 2307 649 aut
2356 593 2665 652 servitium.

457 681 762 744 allaturas.
851 685 946 742 14.
992 684 1152 761 Ergo
1192 687 1312 763 qu'o
1357 686 1776 747 infensioribus
1830 686 2044 746 animis
2086 697 2377 746 certatum
2424 697 2539 760 est,
2586 707 2659 748 eo

457 779 720 858 asperior
762 777 1009 840 victoria
1051 779 1197 841 fuit:
1243 781 1449 841 urbem
1496 793 1735 862 captam
1778 781 2187 863 direptamque
2221 781 2353 842 solo
2402 783 2663 861 aequavit

458 873 810 957 Philippum
853 875 1014 935 cives
1055 875 1328 936 veniere:
1372 878 1435 936 in
1462 877 1693 956 reliqua
1720 872 1899 937 etiam
1928 877 2169 939 ditionis
2192 896 2397 938 eorum
2438 879 2663 958 oppida

459 971 732 1032 soevitum
747 983 862 1032 est.
948 971 1108 1032 Inter
1125 992 1260 1051 qum
1281 973 1601 1054 Stagiram,
1622 973 1783 1034 unde
1800 972 2147 1036 Aristoteles
2170 993 2361 1052 genus
2378 973 2661 1047 ducebat,

457 1087 564 1147 par
583 1068 892 1128 calamitas
921 1068 1220 1130 obruerat.
1307 1073 1402 1130 15.
1444 1069 1591 1130 Eam
1610 1081 1735 1132 tum
1754 1069 1911 1150 regis
1935 1071 2223 1150 permissu
2240 1079 2422 1148 atque
2446 1071 2661 1148 opibus

457 1183 532 1224 ex
561 1163 789 1243 integro
817 1163 1120 1233 condidit;
1161 1167 1567 1246 restitutaque
1611 1167 1777 1246 leges
1820 1164 1979 1239 tulit,
2021 1166 2239 1245 quibus
2276 1166 2663 1246 postmodum

461 1277 570 1318 usa
597 1270 712 1321 est.
759 1313 765 1320 .
793 1259 888 1319 Ita
913 1279 1092 1340 quam
1121 1271 1378 1324 stantem
1405 1263 1834 1342 florentemque
1859 1271 1952 1324 tot
1976 1260 2215 1322 fortium
2245 1259 2521 1322 virornm'
2538 1281 2667 1323 ma-

459 1373 574 1414 nus
599 1355 678 1413 ab
697 1353 930 1415 excidio
957 1356 1267 1435 prohibere
1293 1378 1412 1418 non
1443 1368 1800 1438 potuerant3
1844 1376 1977 1418 eam
2004 1357 2311 1418 incensam
2346 1369 2531 1438 atque
2572 1360 2665 1420 di·

457 1455 660 1510 rutam
679 1449 854 1509 unius
882 1451 1027 1510 civis
1055 1452 1336 1514 excitavit
1361 1452 1682 1534 ingenium.
1760 1455 1855 1513 16.
1898 1453 2121 1521 Quanti
2150 1464 2345 1514 autem
2368 1455 2669 1518 Aristote-

458 1543 577 1606 lem
633 1546 838 1606 fecerit
893 1545 1224 1628 Philippus,
1273 1549 1412 1610 binc
1466 1550 1644 1611 etiam
1686 1548 1971 1611 testimari
2016 1561 2237 1628 potest,
2284 1549 2449 1630 quod
2502 1569 2667 1630 soepe

458 1641 642 1704 filium
671 1642 921 1716 monuit,
953 1653 1022 1704 ut
1047 1646 1160 1704 sub
1187 1645 1308 1706 tam
1337 1645 1556 1707 idoneo
1585 1647 1871 1725 magistro
1898 1647 2207 1725 sapientia
2234 1663 2491 1726 gnavam
2520 1665 2669 1726 ope-

459 1757 584 1798 ram
613 1739 816 1806 daret;
861 1759 938 1800 ne
963 1758 1101 1800 mox
1117 1740 1308 1800 multa
1333 1743 1747 1814 committeret,
1771 1741 2033 1823 qualium
2064 1759 2247 1800 causa
2276 1739 2402 1818 ipse
2434 1741 2669 1819 pudore

461 1844 524 1892 et
549 1834 894 1913 poenitentia
917 1845 1250 1913 angeretur.
1342 1838 1437 1896 1¹7.
1480 1837 1673 1916 Igitur
1696 1847 1911 1918 postea
1924 1855 2161 1915 quoque
2188 1837 2458 1896 maximis
2486 1837 2671 1896 rebus

460 1930 723 1990 intentus
751 1929 1116 2009 Alexander,
1145 1950 1262 1992 non
1289 1932 1489 1993 omisit
1512 1933 1861 2012 magistrum
1884 1933 2182 1999 venerariz
2212 1933 2539 2012 crebroque
2556 1953 2675 2011 per

460 2024 662 2086 literas
687 2027 1071 2107 compellavit
1094 2029 1410 2100 hominem,
1440 2047 1551 2088 nee
1580 2027 2019 2108 disciplinarum
2050 2026 2227 2086 modo
2262 2046 2505 2100 arcana,
2552 2029 2671 2090 sed

461 2132 524 2182 et
568 2141 796 2182 morum
831 2125 1094 2186 remedia
1117 2125 1300 2204 petiit.
1389 2126 1483 2184 18.
1528 2123 1727 2204 Atque
1755 2122 1853 2183 ille
1881 2121 2201 2202 rescripsit,
2226 2123 2445 2200 quibus
2472 2123 2669 2203 ipsius

461 2227 640 2298 atque
689 2219 1060 2282 subditorum
1112 2220 1381 2282 felicitati
1423 2219 1763 2280 consultum
1806 2219 2184 2296 opinabatur,
2232 2225 2249 2250 ‘
2276 2218 2671 2293 meminisset,

461 2325 688 2376 tantam
710 2316 822 2397 ipsi
843 2336 1191 2379 concessam
1213 2337 1348 2380 esse
1377 2315 1725 2398 potentiam,
1746 2325 1815 2375 ut
1832 2313 2145 2396 prodesset
2158 2313 2521 2388 bominibus,
2540 2333 2672 2376 non

461 2423 530 2473 ut
553 2432 658 2473 eos
685 2412 967 2475 lederet:
999 2416 1102 2475 iroe
1128 2415 1408 2495 quoque,'
1436 2416 1497 2475 in
1522 2432 1703 2493 quam
1726 2413 1980 2473 maxime
2007 2411 2371 2491 proeeipitem
2400 2426 2673 2485 noverat,

463 2517 480 2545 ‘
503 2510 746 2569 modum
792 2521 1078 2588 poneret;
1137 2530 1330 2589 neque
1385 2511 1545 2572 enim
1589 2508 1965 2571 irascendum
2014 2508 2419 2567 inferioribus:
2460 2528 2673 2588 parem

461 2616 660 2681 autem
685 2606 797 2685 ipsi
827 2626 961 2667 esse
996 2602 1354 2669 neminem*
1440 2610 1534 2669 19.
1576 2607 1672 2668 Ad
1702 2616 2065 2687 postremum
2092 2614 2293 2664 tamen
2320 2606 2518 2664 animo
2536 2604 2673 2684 jam

461 2702 670 2788 elatior
695 2722 972 2783 spernere
999 2724 1132 2765 eum
1159 2704 1374 2784 coepit:
1415 2703 1741 2785 praesertim
1770 2721 1907 2763 cum
1926 2702 2003 2761 ob
2032 2698 2415 2761 Callisthenis
2442 2701 2673 2763 exitum

447 2782 740 2861 ‘infestum
771 2799 917 2873 sibi,⁸
943 2811 1006 2862 et
1032 2812 1246 2880 praeter
1269 2800 1580 2881 sapientie
1608 2795 1929 2879 praecepta,
1956 2796 2133 2859 etiam
2166 2796 2445 2856 vindietoe
2458 2814 2675 2870 causa,

463 2901 840 2963 ambitionem
866 2902 1188 2961 humanum
1217 2898 1521 2977 fastigium
1548 2894 1951 2976 despicientis,
1979 2892 2481 2970 disputationibus
2526 2912 2677 2954 exa-

464 2998 654 3074 gitare
687 2996 974 3057 erederet.
1041 2999 1144 3055 20.
1189 2994 1366 3054 Certe
1394 2992 1575 3072 paulo
1604 3002 1743 3052 ante
1764 2998 2032 3060 mortem,
2060 2988 2409 3047 Cassandro
2434 2988 2679 3067 objecta

465 3090 614 3169 patri
643 3109 754 3151 suo
781 3092 1028 3151 crimina
1051 3100 1366 3169 purgante,
1393 3089 1763 3147 exclamasse
1792 3085 2035 3153 fertur-,¹¹
2084 3091 2100 3117 ⁶
2118 3083 2515 3145 Aristotelicas
2534 3104 2678 3144 ver-

466 3186 638 3247 sutiae
663 3184 1199 3245 machinationibus
1227 3184 1579 3244 instructum
1602 3181 1858 3254 venisse,
1888 3191 1955 3239 ut
1980 3179 2178 3258 justas
2226 3179 2475 3239 aliorum
2518 3200 2675 3259 que-

463 3280 620 3341 relas
647 3282 960 3343 fallacibus
993 3280 1242 3360 argutiis
1287 3278 1559 3339 eluderet
1588 3279 1625 3338 τ’
1692 3280 1795 3337 21.
1836 3276 2057 3337 deiude
2099 3275 2389 3353 ⁶utrique,
2434 3276 2487 3333 si
2532 3294 2677 3337 vera

463 3369 598 3458 quse
641 3376 1009 3439 deferrentur
1053 3376 1463 3455 comperisset,
1506 3374 1761 3435 malum?
1800 3368 2085 3433 minatum
2123 3390 2295 3433 esse:
2338 3380 2461 3431 tam
2492 3371 2677 3433 vehe-

464 3464 648 3537 menti
675 3474 866 3547 vuitu,
895 3483 962 3535 ut
1002 3474 1104 3535 diu
1131 3483 1270 3553 post
1298 3472 1428 3553 ejus
1450 3472 1776 3543 interitum,
1802 3488 1937 3531 cum
1964 3469 2116 3529 forte
2148 3467 2513 3541 Cassander,
2542 3480 2673 3531 tum

464 3590 658 3633 rerum
685 3572 748 3631 in
779 3571 1014 3631 Groecia
1041 3582 1274 3648 potens,
1303 3568 1623 3649 imaginem
1654 3564 1979 3627 Alexandri
2012 3562 2263 3644 Delphis
2294 3563 2549 3642 positam
2578 3566 2671 3625 in-

463 3675 750 3740 tueretur,
777 3678 1088 3726 revocatus
1129 3667 1190 3725 in
1225 3666 1473 3747 periculi
1500 3665 1587 3724 sui
1624 3661 1987 3732 memoriam,
2014 3670 2145 3719 toto
2182 3677 2431 3737 corpore
2458 3661 2675 3722 eohor-

467 3764 694 3825 ruerit.·
773 3766 875 3823 22.
927 3760 1079 3831 Qum
1122 3781 1217 3823 res
1264 3760 1569 3823 Aristoteli
1615 3761 1795 3821 etiam
1836 3775 2072 3834 magnoe
2114 3754 2373 3813 infamiae
2428 3758 2675 3817 occasio

469 3858 578 3921 fuit
608 3879 624 3917 :
661 3858 881 3939 quippe
926 3878 1240 3933 venenum,
1287 3878 1408 3939 quo
1452 3856 1792 3919 Alexander
1830 3853 2076 3934 periisse
2104 3850 2365 3912 creditus
2393 3860 2508 3923 est,
2548 3872 2673 3915 non

533 4029 560 4063 κ
579 4028 763 4079 Aelim.
783 4029 819 4079 1.
840 4031 878 4081 ι.
897 4032 984 4080 u.
1458 3996 1469 4003 ’
1608 4028 1685 4077 ωε
1702 4042 1750 4077 0.
1776 4028 1856 4075 ιο.

535 4104 550 4139 ¹
579 4106 716 4157 Plut.
750 4104 901 4155 Alex.
929 4121 979 4169 p.
997 4110 1112 4157 696.
1179 4104 1262 4155 ld.
1295 4106 1362 4155 de
1398 4104 1529 4155 Pro·
1672 4109 1707 4135 Ι·
1728 4100 1869 4151 Plut·
1892 4096 2043 4149 Alex.
2067 4112 2119 4163 p.
2141 4101 2253 4147 706.

468 4187 620 4233 rectu
655 4182 788 4233 virt.
826 4182 974 4233 Sent.
1001 4195 1050 4232 c.
1081 4185 1157 4233 10.
1181 4188 1238 4231 et
1259 4182 1326 4233 de
1349 4181 1529 4233 Laude
1671 4188 1695 4212 ¹·
1720 4175 1801 4227 Id.
1828 4175 1915 4225 Ι.1.
