2858 4782
624 382 890 438 surm..
937 384 1020 433 ru
1069 386 1142 445 Q.
1187 384 1539 436 uua-rum
1590 386 1736 436 ms.
1783 388 1863 435 11.
2203 372 2335 441 129

131 536 294 599 netu,
323 523 686 605 popularem·
698 528 918 605 ubique
943 536 1164 588 statum
1189 526 1701 589 introducerentl·
1743 529 1963 610 quippe
2006 529 2334 591 multitudi-

129 641 256 683 nem
285 622 416 681 suis
437 622 622 681 rebus
663 622 908 683 studere
943 632 1346 705 compererat:
1387 625 1587 703 obque
1622 640 1755 683 eam
1796 640 1928 683 rem·
1966 635 2251 705 tyrannos
2298 646 2337 685 a

126 718 388 777 barbaris
415 718 750 797 impositos,
778 738 881 798 per
907 738 1058 798 quos
1103 722 1494 781 ooiirceretur.
1578 722 1679 781 27.
1723 719 1839 780 Per
1880 738 1985 779 eos
2012 721 2163 793 dies,
2190 722 2336 781 dum
2404 748 2413 755 ·

129 812 348 891 Ephesi
373 824 780 873 commoratur
807 813 1168 887 Alexander,
1210 826 1280 875 ut
1313 834 1388 875 ex
1438 815 1795 875 instantibus
1841 816 1996 875 curis
2044 828 2337 877 recrearet

125 908 408 979 animum,
459 908 800 987 frequenter
839 911 902 987 in
961 911 1260 971 officinam
1307 910 1533 990 Apellis
1582 910 1938 984 ventitavit,¹'
1979 930 2015 970 a
2059 930 2179 991 quo
2215 928 2337 973 uuo

20 1092 22 1095 y
126 1003 382 1081 effigiem
431 1022 600 1063 suam
642 1005 920 1084 penicillo
945 1007 1189 1084 exprimi
1217 1007 1495 1067 volebat:
1536 1017 1705 1069 tanto
1730 1006 1933 1067 favore
1970 1008 2336 1087 complexus,

20 1168 22 1175 Ι
127 1108 186 1157 ιιι
209 1097 664 1159 dilectissimam
703 1099 1002 1180 pellicum,
1029 1120 1226 1161 amore
1255 1102 1382 1180 ejus
1423 1101 1693 1181 deperire
1732 1103 1997 1163 sentiens
2034 1104 2336 1175 artificem,

20 1190 23 1205 '
132 1192 288 1253 deno
315 1192 576 1255 dederit.
659 1198 760 1255 28.
807 1195 1106 1257 Pancasta
1133 1199 1478 1268 vocabatur,
1530 1216 1605 1257 ex
1648 1198 1883 1258 Larissa
1926 1198 2107 1258 nobili
2148 1199 2336 1259 Thes-

131 1288 292 1349 alio
319 1290 474 1349 urbe
495 1308 688 1367 genus
719 1290 990 1353 ducens:
1032 1295 1386 1372 amabatque
1413 1311 1545 1353 eam
1572 1312 1676 1353 rex
1704 1294 1933 1357 ardenti
1972 1293 2211 1366 affectu,
2258 1295 2336 1353 ob

129 1384 330 1445 foma
357 1384 896 1463 pulchritudinemg
950 1398 1012 1447 et
1057 1389 1336 1468 quoniam
1386 1388 1753 1457 adolescenti
1796 1392 1986 1469 prima
2029 1389 2339 1449 mulierum

129 1480 202 1539 ad
227 1479 546 1539 libidinem
572 1480 902 1559 placuerat.
983 1484 1084 1542 29.
1129 1482 1262 1543 Hoc
1310 1494 1381 1543 ut
1421 1483 1964 1561 magnanimitatem
2016 1482 2341 1543 Alexandri

129 1594 242 1634 nen
275 1574 564 1648 dedecet,
601 1577 686 1636 ita
727 1596 850 1637 non
889 1576 1262 1649 crediderim,
1305 1584 1325 1611 ⁴
1346 1577 1408 1636 in
1434 1577 1677 1637 officina
1708 1577 1973 1655 imperite
2000 1577 2187 1635 multa
2214 1576 2339 1635 dis-

129 1680 426 1731 serentem
463 1671 542 1731 ab
567 1671 780 1751 Apelle
805 1672 1070 1735 mordaci
1089 1672 1360 1735 “dicterio
1401 1691 1737 1751 repressum
1764 1672 1949 1733 fuisse
1966 1672 2001 1731 :’
2030 1678 2057 1705 ¹
2096 1690 2237 1731 nam
2274 1670 2337 1729 id

131 1784 326 1844 neque
351 1765 660 1844 majestati
685 1767 836 1828 tanti
865 1768 1046 1848 regis,
1087 1788 1280 1849 neque
1307 1768 1619 1829 modestice
1644 1767 1910 1847 pictoris,
1935 1767 2193 1828 hominis
2218 1785 2338 1827 uon

20 1948 22 1951 y
133 1860 356 1941 stupidi
401 1880 518 1922 nec
561 1860 811 1937 indocti,
853 1865 1268 1925 convenissetz
1305 1874 1374 1925 et
1399 1864 1734 1925 Alexander
1762 1863 2103 1925 liberalibus
2130 1861 2339 1923 studiis

133 1959 204 2017 ab
231 1968 510 2017 extrema
527 1967 710 2018 mute
727 1958 1010 2033 imbutus,
1029 1959 1208 2019 etiarn
1231 1959 1308 2019 de
1327 1958 1552 2019 artibus
1574 1976 1724 2038 ques
1744 1976 1865 2019 non
1892 1958 2156 2029 calleret,
2178 1956 2341 2017 haud

129 2054 330 2132 inepte
346 2052 626 2131 judicare
654 2052 964 2115 didicerat.
1049 2056 1151 2114 30.
1193 2052 1348 2113 Illud
1393 2054 1637 2133 propius
1696 2072 1831 2113 vero
1874 2064 1989 2126 est,
2035 2052 2197 2133 quod
2240 2053 2339 2113 alii

129 2146 532 2221 tradiderunt,
581 2153 602 2182 ‘
629 2148 923 2227 quendam
986 2167 1062 2209 ex
1123 2146 1400 2227 Ephesiae
1450 2147 1663 2207 Dianae
1710 2146 2138 2218 sacerdotibus,
2186 2167 2339 2226 quos

133 2243 510 2323 Megabyzo·
563 2242 850 2322 appellari
893 2262 1026 2303 mos
1085 2254 1235 2313 erat,
1283 2242 1703 2321 reprehensum
1722 2245 1759 2301 :’
1822 2262 1959 2304 cum
2002 2242 2245 2321 quidem
2285 2245 2341 2307 ei

134 2336 364 2400 diceret
393 2337 682 2424 Apelles,ly
723 2344 742 2373 ‘
759 2338 960 2417 quoad
987 2335 1248 2410 tacuisti,
1277 2353 1485 2398 aurum
1512 2337 1629 2398 bec
1656 2344 1835 2416 atque
1862 2354 2123 2417 purpura
2167 2356 2345 2398 vene·

133 2433 384 2494 rabilem
427 2445 490 2494 te
521 2435 822 2496 faciebant
851 2433 1176 2513 imperitis:
1221 2442 1288 2494 at
1313 2451 1475 2493 nunc
1496 2432 1572 2494 de
1600 2433 1777 2492 rebus
1796 2451 1949 2512 quas
1978 2451 2095 2492 non
2126 2433 2345 2492 intelli·

135 2533 224 2610 gis
265 2531 652 2610 incipientem
693 2529 855 2610 loqui
883 2532 1064 2592 etiam
1092 2530 1260 2610 pueri
1299 2529 1495 2590 rident
1520 2530 1623 2610 qui
1654 2529 1886 2599 colores
1914 2528 2154 2590 terunt?
2239 2533 2339 2590 31.

137 2625 202 2683 ln
241 2645 328 2686 ea
383 2626 532 2686 urbe
579 2625 760 2705 longe
805 2625 1244 2688 celeberrimam
1283 2625 1502 2699 edem,
1548 2635 1619 2686 ut
1657 2643 1839 2706 supra
1886 2626 2135 2686 relatum
2186 2626 2340 2698 est,‘

135 2721 546 2792 Beroen-atus,
565 2718 940 2786 incenderat.
1025 2721 1116 2781 Ea
1157 2731 1284 2782 tum
1313 2739 1546 2792 summa
1576 2720 1959 2802 Ephesiorum
1986 2741 2132 2780 cura
2158 2722 2343 2780 maxi-

135 2820 374 2894 misque
427 2816 710 2895 impensis
765 2817 1248 2876 instaurabatur:
1327 2817 1428 2877 32.
1494 2814 1759 2882 Quorum
1806 2814 2021 2874 studiis
2058 2815 2342 2893 juvandis

133 2911 483 2972 Alexander
510 2919 528 2946 ‘
548 2911 788 2984 tributa,
815 2932 949 2991 qum
979 2910 1180 2971 Persis
1203 2911 1346 2972 dare
1373 2914 1857 2981 consueverant,⁸
1884 2909 2097 2968 Dianae
2124 2911 2306 2987 pendi
2326 2912 2344 2938 '

126 3008 311 3086 jussit
332 3027 351 3066 t
399 3005 882 3085 confirmavitque
915 3005 1015 3084 jus
1044 3006 1218 3085 asyli,
1259 3004 1424 3083 quod
1468 3004 1795 3082 antiquitus
1838 3003 2021 3063 etiarn
2070 3004 2341 3066 Liberum

133 3115 369 3182 patrem
400 3102 840 3181 Herculemque
861 3102 1190 3162 servavisse
1209 3107 1570 3179 cognoverat
1590 3119 1610 3167 3
1630 3099 1655 3134 ⁸
1693 3098 1897 3158 addito
1921 3099 2101 3160 etiam
2128 3101 2343 3178 spatio,

139 3210 204 3258 nt
227 3216 712 3278 quaquaversum
741 3199 802 3257 in
831 3199 1008 3258 unius
1036 3197 1214 3258 stadii
1241 3193 1689 3279 amplitudinem
1724 3193 2159 3256 extenderetur.
2244 3199 2345 3257 33.

139 3296 369 3356 Postea
412 3312 675 3373 quoque,
717 3312 854 3354 cum
903 3294 1108 3354 Asiam
1159 3301 1566 3372 perpacusset,
1614 3290 1853 3370 scripsit
1898 3290 2195 3370 Ephesiis,
2235 3297 2253 3326 ‘
2278 3311 2343 3353 se

141 3409 350 3450 omnes
377 3399 638 3462 sumtus,
663 3388 768 3466 qui
791 3388 854 3448 in
882 3388 944 3448 id
969 3389 1284 3450 aedificium
1309 3388 1453 3448 facti
1482 3397 1708 3462 essent,
1736 3388 2134 3448 restituturum
2164 3405 2183 3452 ι
2213 3388 2347 3465 qui-

20 3527 22 3544 .
143 3505 260 3563 que
279 3503 464 3566 porro
489 3484 1352 3564 requirerentur,.praebitururn
1379 3483 1459 3542 de
1486 3501 1637 3542 suo:
1679 3483 1765 3542 ita
1805 3493 2005 3544 tamen
2044 3491 2113 3542 ut
2156 3481 2347 3560 ipsius

145 3598 364 3640 nomen
390 3580 726 3640 instaurato
751 3580 914 3660 operi
939 3580 1352 3640 inscriberetur
1369 3577 1404 3639 τ’
1419 3592 1445 3620 ⁶
1528 3581 1628 3639 34.
1670 3577 1853 3657 idque
1880 3575 2179 3658 deprecati
2204 3583 2349 3636 sunt

149 3674 424 3756 Ephesii:
455 3693 580 3755 que
604 3683 892 3756 tempere,
913 3677 1056 3758 quia
1069 3676 1412 3738 Alexandro
1433 3673 1659 3755 petenti
1678 3673 1905 3755 aliquid
1930 3672 2223 3752 denegare
2250 3687 2347 3730 ar-

211 3911 238 3939 ·
271 3901 360 3954 Id.
379 3904 418 3956 1.
439 3904 482 3954 l.
1349 3911 1374 3938 ⁸
1398 3902 1578 3954 strab.
1604 3913 1725 3951 xtv.
1747 3914 1802 3964 p.
1824 3903 1941 3950 640.

213 3987 240 4012 ⁷
270 3979 414 4028 Plin.
439 3980 578 4030 nist.
597 3979 730 4030 Nat.
751 3993 928 4035 xxxva
950 3985 1032 4046 10.
1051 3985 1134 4032 25.
1354 3988 1381 4014 ⁸
1411 3979 1617 4030 Arrisn.
1640 3992 1679 4028 1.
1698 3979 1776 4028 18.

215 4061 246 4087 ¹
279 4055 464 4104 AElisn.
488 4057 520 4104 l.
543 4056 582 4106 1.
601 4059 732 4120 158.
1352 4054 1377 4089 b
1411 4051 1585 4104 Tacit.
1608 4052 1795 4102 Annal.
1814 4065 1901 4101 ιιι.
1924 4055 2003 4102 61.
2028 4050 2119 4100 fin.

217 4137 243 4171 ⁷
277 4129 358 4178 ld.
385 4135 516 4180 ιι.2.
1353 4135 1377 4162 ‘
1407 4128 1579 4181 Strab-
1602 4129 1637 4178 l.
1660 4129 1691 4179 l.
1748 4129 1975 4180 Pausun.
1998 4141 2103 4179 vu.

219 4205 250 4232 ⁴·
282 4205 406 4255 Vid.
425 4220 568 4270 supr.
591 4221 629 4257 1.
654 4211 701 4256 1.
723 4211 806 4258 24.

285 4285 528 4350 Dehine!
559 4285 825 4337 Van-‚clam
1136 4286 1200 4342 Q.
1224 4285 1362 4336 Cart.
2191 4283 2220 4332 1
