<?xml version="1.0" encoding="UTF-8"?>
<!DOCTYPE html PUBLIC "-//W3C//DTD XHTML 1.0 Transitional//EN"
    "http://www.w3.org/TR/xhtml1/DTD/xhtml1-transitional.dtd">
<html xmlns="http://www.w3.org/1999/xhtml" xml:lang="en" lang="en">
 <head>
  <title>
</title>
<meta http-equiv="Content-Type" content="text/html;charset=utf-8" />
  <meta name='ocr-system' content='tesseract 3.04.00' />
  <meta name='ocr-capabilities' content='ocr_page ocr_carea ocr_par ocr_line ocrx_word'/>
</head>
<body>
  <div class='ocr_page' id='page_1' title='image "./quinticurtirufi00freigoog_0018.png"; bbox 0 0 2858 4782; ppageno 0'>
   <div class='ocr_carea' id='block_1_1' title="bbox 1053 319 2367 386">
    <p class='ocr_par' dir='ltr' id='par_1_1' title="bbox 1053 319 2367 386">
     <span class='ocr_line' id='line_1_1' title="bbox 1053 319 2367 386; baseline 0.005 -13"><span class='ocrx_word' id='word_1_1' title='bbox 1053 324 1497 375; x_wconf 73' lang='lat' dir='ltr'><strong>Pnooemuu.</strong></span> <span class='ocrx_word' id='word_1_2' title='bbox 1600 376 1609 386; x_wconf 77' lang='grc'>,</span> <span class='ocrx_word' id='word_1_3' title='bbox 2324 319 2367 380; x_wconf 76' lang='grc'><strong><em>5</em></strong></span> 
     </span>
    </p>
   </div>
   <div class='ocr_carea' id='block_1_2' title="bbox 165 466 2380 1570">
    <p class='ocr_par' dir='ltr' id='par_1_2' title="bbox 165 466 2380 1570">
     <span class='ocr_line' id='line_1_2' title="bbox 165 466 2365 551; baseline 0.002 -17"><span class='ocrx_word' id='word_1_4' title='bbox 165 473 332 549; x_wconf 85' lang='lat' dir='ltr'><strong>bns,</strong></span> <span class='ocrx_word' id='word_1_5' title='bbox 355 469 484 532; x_wconf 89' lang='lat' dir='ltr'><strong>boc</strong></span> <span class='ocrx_word' id='word_1_6' title='bbox 515 467 740 534; x_wconf 78' lang='lat' dir='ltr'><strong>nostri</strong></span> <span class='ocrx_word' id='word_1_7' title='bbox 791 467 1088 534; x_wconf 76' lang='lat' dir='ltr'><strong>auctoris</strong></span> <span class='ocrx_word' id='word_1_8' title='bbox 1132 466 1401 533; x_wconf 83' lang='lat' dir='ltr'><strong>nomine</strong></span> <span class='ocrx_word' id='word_1_9' title='bbox 1448 476 2001 535; x_wconf 80' lang='lat' dir='ltr'><strong>commemoratus</strong></span> <span class='ocrx_word' id='word_1_10' title='bbox 2049 474 2365 551; x_wconf 79' lang='lat' dir='ltr'><strong>occurrit,</strong></span> 
     </span>
     <span class='ocr_line' id='line_1_3' title="bbox 167 566 2367 658; baseline -0 -21"><span class='ocrx_word' id='word_1_11' title='bbox 167 591 340 637; x_wconf 83' lang='lat' dir='ltr'><strong>cum</strong></span> <span class='ocrx_word' id='word_1_12' title='bbox 365 569 574 654; x_wconf 78' lang='lat' dir='ltr'><strong>stylus</strong></span> <span class='ocrx_word' id='word_1_13' title='bbox 615 569 984 634; x_wconf 73' lang='lat' dir='ltr'><strong>manifeste</strong></span> <span class='ocrx_word' id='word_1_14' title='bbox 1027 566 1271 654; x_wconf 79' lang='lat' dir='ltr'><strong>prodat</strong></span> <span class='ocrx_word' id='word_1_15' title='bbox 1320 568 1705 649; x_wconf 78' lang='lat' dir='ltr'><strong>Rbetorem,</strong></span> <span class='ocrx_word' id='word_1_16' title='bbox 1748 589 1989 638; x_wconf 89' lang='lat' dir='ltr'><strong>nomen</strong></span> <span class='ocrx_word' id='word_1_17' title='bbox 2036 589 2233 658; x_wconf 84' lang='lat' dir='ltr'><strong>porro</strong></span> <span class='ocrx_word' id='word_1_18' title='bbox 2276 572 2367 652; x_wconf 80' lang='lat' dir='ltr'><strong>Q.</strong></span> 
     </span>
     <span class='ocr_line' id='line_1_4' title="bbox 171 671 2371 756; baseline 0.001 -18"><span class='ocrx_word' id='word_1_19' title='bbox 171 673 398 738; x_wconf 85' lang='lat' dir='ltr'><strong>Curtii</strong></span> <span class='ocrx_word' id='word_1_20' title='bbox 425 671 588 738; x_wconf 76' lang='lat' dir='ltr'><strong>Rufi</strong></span> <span class='ocrx_word' id='word_1_21' title='bbox 627 677 992 754; x_wconf 85' lang='lat' dir='ltr'><strong>utrumque</strong></span> <span class='ocrx_word' id='word_1_22' title='bbox 1014 671 1388 750; x_wconf 76' lang='lat' dir='ltr'><strong>conveniat,</strong></span> <span class='ocrx_word' id='word_1_23' title='bbox 1417 672 1712 756; x_wconf 86' lang='lat' dir='ltr'><strong>denique</strong></span> <span class='ocrx_word' id='word_1_24' title='bbox 1737 678 1804 737; x_wconf 87' lang='lat' dir='ltr'><strong>et</strong></span> <span class='ocrx_word' id='word_1_25' title='bbox 1830 685 2023 739; x_wconf 74' lang='lat' dir='ltr'><strong>aetes.</strong></span> <span class='ocrx_word' id='word_1_26' title='bbox 2108 673 2371 740; x_wconf 83' lang='lat' dir='ltr'><strong>Etenim</strong></span> 
     </span>
     <span class='ocr_line' id='line_1_5' title="bbox 173 775 2371 860; baseline 0.001 -18"><span class='ocrx_word' id='word_1_27' title='bbox 173 777 448 842; x_wconf 73' lang='lat' dir='ltr'><strong>Rhetor&#39;</strong></span> <span class='ocrx_word' id='word_1_28' title='bbox 462 775 576 840; x_wconf 89' lang='lat' dir='ltr'><strong>ille</strong></span> <span class='ocrx_word' id='word_1_29' title='bbox 598 775 982 840; x_wconf 74' lang='lat' dir='ltr'><strong>nominatur</strong></span> <span class='ocrx_word' id='word_1_30' title='bbox 1025 776 1329 859; x_wconf 83' lang='lat' dir='ltr'><strong>proxime</strong></span> <span class='ocrx_word' id='word_1_31' title='bbox 1373 781 1533 859; x_wconf 88' lang='lat' dir='ltr'><strong>post</strong></span> <span class='ocrx_word' id='word_1_32' title='bbox 1572 793 1713 854; x_wconf 90' lang='lat' dir='ltr'><strong>eos,</strong></span> <span class='ocrx_word' id='word_1_33' title='bbox 1743 777 1861 860; x_wconf 90' lang='lat' dir='ltr'><strong>qui</strong></span> <span class='ocrx_word' id='word_1_34' title='bbox 1900 777 2027 840; x_wconf 89' lang='lat' dir='ltr'><strong>sub</strong></span> <span class='ocrx_word' id='word_1_35' title='bbox 2056 777 2371 860; x_wconf 75' lang='lat' dir='ltr'><strong>Augusto</strong></span> 
     </span>
     <span class='ocr_line' id='line_1_6' title="bbox 175 874 2374 962; baseline 0.001 -21"><span class='ocrx_word' id='word_1_36' title='bbox 175 879 561 950; x_wconf 83' lang='lat' dir='ltr'><strong>floruerunt,</strong></span> <span class='ocrx_word' id='word_1_37' title='bbox 587 883 662 942; x_wconf 87' lang='lat' dir='ltr'><strong>et</strong></span> <span class='ocrx_word' id='word_1_38' title='bbox 685 877 882 960; x_wconf 78' lang='lat' dir='ltr'><strong>longe</strong></span> <span class='ocrx_word' id='word_1_39' title='bbox 907 881 1064 942; x_wconf 75' lang='lat' dir='ltr'><strong>unte</strong></span> <span class='ocrx_word' id='word_1_40' title='bbox 1091 874 1602 956; x_wconf 79' lang='lat' dir='ltr'><strong>Quintilianum,</strong></span> <span class='ocrx_word' id='word_1_41' title='bbox 1631 883 1707 942; x_wconf 88' lang='lat' dir='ltr'><strong>ut</strong></span> <span class='ocrx_word' id='word_1_42' title='bbox 1746 877 1919 944; x_wconf 73' lang='lat' dir='ltr'><strong>adeo</strong></span> <span class='ocrx_word' id='word_1_43' title='bbox 1950 877 2039 944; x_wconf 79' lang='lat' dir='ltr'><strong>ed</strong></span> <span class='ocrx_word' id='word_1_44' title='bbox 2076 886 2374 962; x_wconf 74' lang='lat' dir='ltr'><strong>tempora</strong></span> 
     </span>
     <span class='ocr_line' id='line_1_7' title="bbox 175 974 2376 1064; baseline 0.001 -20"><span class='ocrx_word' id='word_1_45' title='bbox 175 978 442 1044; x_wconf 81' lang='lat' dir='ltr'><strong>Tiberii</strong></span> <span class='ocrx_word' id='word_1_46' title='bbox 491 979 764 1043; x_wconf 87' lang='lat' dir='ltr'><strong>omnino</strong></span> <span class='ocrx_word' id='word_1_47' title='bbox 822 977 1128 1044; x_wconf 76' lang='lat' dir='ltr'><strong>videatur</strong></span> <span class='ocrx_word' id='word_1_48' title='bbox 1183 977 1580 1042; x_wconf 81' lang='lat' dir='ltr'><strong>referendus.</strong></span> <span class='ocrx_word' id='word_1_49' title='bbox 1696 974 1810 1044; x_wconf 76' lang='lat' dir='ltr'><strong>Ad</strong></span> <span class='ocrx_word' id='word_1_50' title='bbox 1862 999 2017 1063; x_wconf 78' lang='lat' dir='ltr'><strong>quae</strong></span> <span class='ocrx_word' id='word_1_51' title='bbox 2070 985 2376 1064; x_wconf 77' lang='lat' dir='ltr'><strong>tempora</strong></span> 
     </span>
     <span class='ocr_line' id='line_1_8' title="bbox 179 1077 2374 1164; baseline 0 -20"><span class='ocrx_word' id='word_1_52' title='bbox 179 1081 398 1144; x_wconf 78' lang='lat' dir='ltr'><strong>etium</strong></span> <span class='ocrx_word' id='word_1_53' title='bbox 423 1079 600 1144; x_wconf 86' lang='lat' dir='ltr'><strong>hunc</strong></span> <span class='ocrx_word' id='word_1_54' title='bbox 623 1080 1018 1162; x_wconf 78' lang='lat' dir='ltr'><strong>scriptorem</strong></span> <span class='ocrx_word' id='word_1_55' title='bbox 1045 1077 1410 1156; x_wconf 79' lang='lat' dir='ltr'><strong>retulerim,</strong></span> <span class='ocrx_word' id='word_1_56' title='bbox 1434 1093 1591 1143; x_wconf 86' lang='lat' dir='ltr'><strong>cum</strong></span> <span class='ocrx_word' id='word_1_57' title='bbox 1622 1088 1901 1163; x_wconf 88' lang='lat' dir='ltr'><strong>propter</strong></span> <span class='ocrx_word' id='word_1_58' title='bbox 1929 1082 2197 1164; x_wconf 79' lang='lat' dir='ltr'><strong>stylum,</strong></span> <span class='ocrx_word' id='word_1_59' title='bbox 2221 1081 2374 1146; x_wconf 88' lang='lat' dir='ltr'><strong>istis</strong></span> 
     </span>
     <span class='ocr_line' id='line_1_9' title="bbox 181 1179 2378 1264; baseline 0.001 -20"><span class='ocrx_word' id='word_1_60' title='bbox 181 1181 594 1264; x_wconf 86' lang='lat' dir='ltr'><strong>temporibus</strong></span> <span class='ocrx_word' id='word_1_61' title='bbox 621 1186 1111 1262; x_wconf 77' lang='lat' dir='ltr'><strong>congruentem,</strong></span> <span class='ocrx_word' id='word_1_62' title='bbox 1157 1183 1296 1244; x_wconf 84' lang='lat' dir='ltr'><strong>tum</strong></span> <span class='ocrx_word' id='word_1_63' title='bbox 1341 1179 1636 1245; x_wconf 81' lang='lat' dir='ltr'><strong>maxime</strong></span> <span class='ocrx_word' id='word_1_64' title='bbox 1684 1187 1957 1264; x_wconf 87' lang='lat' dir='ltr'><strong>propter</strong></span> <span class='ocrx_word' id='word_1_65' title='bbox 1997 1181 2121 1248; x_wconf 83' lang='lat' dir='ltr'><strong>illa</strong></span> <span class='ocrx_word' id='word_1_66' title='bbox 2168 1183 2378 1248; x_wconf 76' lang='lat' dir='ltr'><strong>verba</strong></span> 
     </span>
     <span class='ocr_line' id='line_1_10' title="bbox 185 1279 2375 1366; baseline 0.002 -22"><span class='ocrx_word' id='word_1_67' title='bbox 185 1298 264 1346; x_wconf 90' lang='lat' dir='ltr'><strong>x.</strong></span> <span class='ocrx_word' id='word_1_68' title='bbox 295 1283 370 1346; x_wconf 88' lang='grc'><strong>9.</strong></span> <span class='ocrx_word' id='word_1_69' title='bbox 394 1280 458 1344; x_wconf 80' lang='grc'><strong>3.</strong></span> <span class='ocrx_word' id='word_1_70' title='bbox 496 1279 652 1366; x_wconf 89' lang='lat' dir='ltr'><strong>(ubi</strong></span> <span class='ocrx_word' id='word_1_71' title='bbox 693 1279 1034 1346; x_wconf 83' lang='lat' dir='ltr'><strong>Perizonii</strong></span> <span class='ocrx_word' id='word_1_72' title='bbox 1078 1280 1685 1364; x_wconf 73' lang='lat' dir='ltr'><strong>interpretationem</strong></span> <span class='ocrx_word' id='word_1_73' title='bbox 1730 1281 2231 1350; x_wconf 83' lang='lat' dir='ltr'><strong>Commentario</strong></span> <span class='ocrx_word' id='word_1_74' title='bbox 2275 1285 2375 1348; x_wconf 83' lang='lat' dir='ltr'><strong>in-</strong></span> 
     </span>
     <span class='ocr_line' id='line_1_11' title="bbox 185 1379 2380 1464; baseline 0.002 -17"><span class='ocrx_word' id='word_1_75' title='bbox 185 1383 412 1464; x_wconf 83' lang='lat' dir='ltr'><strong>serui.)</strong></span> <span class='ocrx_word' id='word_1_76' title='bbox 493 1381 756 1447; x_wconf 85' lang='lat' dir='ltr'><strong>Rbetor</strong></span> <span class='ocrx_word' id='word_1_77' title='bbox 781 1401 940 1464; x_wconf 77' lang='lat' dir='ltr'><strong>ergo</strong></span> <span class='ocrx_word' id='word_1_78' title='bbox 964 1382 1094 1446; x_wconf 86' lang='lat' dir='ltr'><strong>iste</strong></span> <span class='ocrx_word' id='word_1_79' title='bbox 1120 1380 1426 1448; x_wconf 87' lang='lat' dir='ltr'><strong>Suetonii</strong></span> <span class='ocrx_word' id='word_1_80' title='bbox 1454 1379 1586 1447; x_wconf 81' lang='lat' dir='ltr'><strong>fuit</strong></span> <span class='ocrx_word' id='word_1_81' title='bbox 1618 1383 1797 1448; x_wconf 77' lang='lat' dir='ltr'><strong>baud</strong></span> <span class='ocrx_word' id='word_1_82' title='bbox 1834 1383 2043 1451; x_wconf 89' lang='lat' dir='ltr'><strong>dubie</strong></span> <span class='ocrx_word' id='word_1_83' title='bbox 2074 1385 2185 1451; x_wconf 85' lang='lat' dir='ltr'><strong>bie</strong></span> <span class='ocrx_word' id='word_1_84' title='bbox 2214 1384 2380 1450; x_wconf 90' lang='lat' dir='ltr'><strong>Cur·</strong></span> 
     </span>
     <span class='ocr_line' id='line_1_12' title="bbox 187 1483 2375 1570; baseline 0.003 -22"><span class='ocrx_word' id='word_1_85' title='bbox 187 1487 364 1564; x_wconf 83' lang='lat' dir='ltr'><strong>tius3</strong></span> <span class='ocrx_word' id='word_1_86' title='bbox 429 1484 666 1550; x_wconf 73' lang='lat' dir='ltr'><strong>forsan</strong></span> <span class='ocrx_word' id='word_1_87' title='bbox 720 1489 788 1549; x_wconf 86' lang='lat' dir='ltr'><strong>et</strong></span> <span class='ocrx_word' id='word_1_88' title='bbox 837 1484 1223 1556; x_wconf 74' lang='lat' dir='ltr'><strong>Consularis</strong></span> <span class='ocrx_word' id='word_1_89' title='bbox 1281 1483 1396 1550; x_wconf 89' lang='lat' dir='ltr'><strong>ille</strong></span> <span class='ocrx_word' id='word_1_90' title='bbox 1448 1504 1533 1550; x_wconf 81' lang='lat' dir='ltr'><strong>ae</strong></span> <span class='ocrx_word' id='word_1_91' title='bbox 1582 1485 2044 1570; x_wconf 79' lang='lat' dir='ltr'><strong>Triumphalis</strong></span> <span class='ocrx_word' id='word_1_92' title='bbox 2092 1489 2197 1553; x_wconf 84' lang='lat' dir='ltr'><strong>vir</strong></span> <span class='ocrx_word' id='word_1_93' title='bbox 2244 1490 2375 1553; x_wconf 90' lang='lat' dir='ltr'><strong>sub</strong></span> 
     </span>
    </p>
   </div>
   <div class='ocr_carea' id='block_1_3' title="bbox 52 1585 2379 1670">
    <p class='ocr_par' dir='ltr' id='par_1_3' title="bbox 52 1585 2379 1670">
     <span class='ocr_line' id='line_1_13' title="bbox 52 1585 2379 1670; baseline 0.001 -21"><span class='ocrx_word' id='word_1_94' title='bbox 52 1619 54 1666; x_wconf 74' lang='lat'><em>3</em></span> <span class='ocrx_word' id='word_1_95' title='bbox 189 1585 458 1652; x_wconf 88' lang='lat' dir='ltr'><strong>Tiberio</strong></span> <span class='ocrx_word' id='word_1_96' title='bbox 491 1605 704 1670; x_wconf 87' lang='lat' dir='ltr'><strong>quem</strong></span> <span class='ocrx_word' id='word_1_97' title='bbox 745 1596 1067 1652; x_wconf 75' lang='lat' dir='ltr'><strong>memorat</strong></span> <span class='ocrx_word' id='word_1_98' title='bbox 1112 1587 1306 1652; x_wconf 89' lang='lat' dir='ltr'><strong>nobis</strong></span> <span class='ocrx_word' id='word_1_99' title='bbox 1352 1586 1633 1652; x_wconf 73' lang='lat' dir='ltr'><strong>Tacitus</strong></span> <span class='ocrx_word' id='word_1_100' title='bbox 1678 1587 1851 1651; x_wconf 81' lang='lat' dir='ltr'><strong>Anu.</strong></span> <span class='ocrx_word' id='word_1_101' title='bbox 1900 1603 2015 1652; x_wconf 73' lang='lat' dir='ltr'><strong>xl.</strong></span> <span class='ocrx_word' id='word_1_102' title='bbox 2060 1587 2168 1653; x_wconf 75' lang='lat'><strong>20.</strong></span> <span class='ocrx_word' id='word_1_103' title='bbox 2226 1609 2379 1654; x_wconf 89' lang='lat' dir='ltr'><strong>cum</strong></span> 
     </span>
    </p>
   </div>
   <div class='ocr_carea' id='block_1_4' title="bbox 193 1687 2382 1975">
    <p class='ocr_par' dir='ltr' id='par_1_4' title="bbox 193 1687 2382 1975">
     <span class='ocr_line' id='line_1_14' title="bbox 193 1687 2382 1773; baseline 0.002 -23"><span class='ocrx_word' id='word_1_104' title='bbox 193 1687 414 1752; x_wconf 84' lang='lat' dir='ltr'><strong>iterum</strong></span> <span class='ocrx_word' id='word_1_105' title='bbox 459 1689 826 1755; x_wconf 80' lang='lat' dir='ltr'><strong>conveniat</strong></span> <span class='ocrx_word' id='word_1_106' title='bbox 869 1688 1072 1773; x_wconf 74' lang='lat' dir='ltr'><strong>plane</strong></span> <span class='ocrx_word' id='word_1_107' title='bbox 1117 1705 1378 1767; x_wconf 88' lang='lat' dir='ltr'><strong>nomen,</strong></span> <span class='ocrx_word' id='word_1_108' title='bbox 1403 1687 1577 1761; x_wconf 73' lang='lat' dir='ltr'><strong>‚dein</strong></span> <span class='ocrx_word' id='word_1_109' title='bbox 1619 1694 1809 1767; x_wconf 74' lang='lat' dir='ltr'><strong>setus,</strong></span> <span class='ocrx_word' id='word_1_110' title='bbox 1838 1687 2126 1772; x_wconf 88' lang='lat' dir='ltr'><strong>denique</strong></span> <span class='ocrx_word' id='word_1_111' title='bbox 2154 1689 2382 1754; x_wconf 83' lang='lat' dir='ltr'><strong>tenuis</strong></span> 
     </span>
     <span class='ocr_line' id='line_1_15' title="bbox 193 1789 2377 1876; baseline 0.003 -24"><span class='ocrx_word' id='word_1_112' title='bbox 193 1797 254 1852; x_wconf 87' lang='lat' dir='ltr'><strong>et</strong></span> <span class='ocrx_word' id='word_1_113' title='bbox 279 1789 554 1855; x_wconf 85' lang='lat' dir='ltr'><strong>humilis</strong></span> <span class='ocrx_word' id='word_1_114' title='bbox 583 1791 797 1874; x_wconf 82' lang='lat' dir='ltr'><strong>origo.</strong></span> <span class='ocrx_word' id='word_1_115' title='bbox 885 1791 1216 1856; x_wconf 83' lang='lat' dir='ltr'><strong>Rhetores</strong></span> <span class='ocrx_word' id='word_1_116' title='bbox 1261 1797 1414 1857; x_wconf 83' lang='lat' dir='ltr'><strong>unte</strong></span> <span class='ocrx_word' id='word_1_117' title='bbox 1458 1789 1817 1870; x_wconf 80' lang='lat' dir='ltr'><strong>Blandum,</strong></span> <span class='ocrx_word' id='word_1_118' title='bbox 1854 1790 2146 1876; x_wconf 86' lang='lat' dir='ltr'><strong>equitem</strong></span> <span class='ocrx_word' id='word_1_119' title='bbox 2174 1789 2377 1858; x_wconf 79' lang='lat' dir='ltr'><strong>Rom.</strong></span> 
     </span>
     <span class='ocr_line' id='line_1_16' title="bbox 193 1890 2381 1975; baseline 0.001 -19"><span class='ocrx_word' id='word_1_120' title='bbox 193 1890 476 1956; x_wconf 74' lang='lat' dir='ltr'><strong>Senecae</strong></span> <span class='ocrx_word' id='word_1_121' title='bbox 505 1891 712 1956; x_wconf 78' lang='lat' dir='ltr'><strong>ferme</strong></span> <span class='ocrx_word' id='word_1_122' title='bbox 740 1892 1092 1974; x_wconf 74' lang='lat' dir='ltr'><strong>aequelem,</strong></span> <span class='ocrx_word' id='word_1_123' title='bbox 1119 1891 1416 1956; x_wconf 86' lang='lat' dir='ltr'><strong>libertini</strong></span> <span class='ocrx_word' id='word_1_124' title='bbox 1444 1898 1657 1970; x_wconf 80' lang='lat' dir='ltr'><strong>erunt,</strong></span> <span class='ocrx_word' id='word_1_125' title='bbox 1678 1891 1858 1975; x_wconf 88' lang='lat' dir='ltr'><strong>quod</strong></span> <span class='ocrx_word' id='word_1_126' title='bbox 1888 1891 2088 1957; x_wconf 73' lang='lat' dir='ltr'><strong>trudIt</strong></span> <span class='ocrx_word' id='word_1_127' title='bbox 2116 1893 2381 1960; x_wconf 76' lang='lat' dir='ltr'><strong>Seneca</strong></span> 
     </span>
    </p>
   </div>
   <div class='ocr_carea' id='block_1_5' title="bbox 50 1989 2381 2075">
    <p class='ocr_par' dir='ltr' id='par_1_5' title="bbox 50 1989 2381 2075">
     <span class='ocr_line' id='line_1_17' title="bbox 50 1989 2381 2075; baseline -0.001 -15"><span class='ocrx_word' id='word_1_128' title='bbox 50 2029 52 2060; x_wconf 69' lang='grc' dir='ltr'>ι</span> <span class='ocrx_word' id='word_1_129' title='bbox 194 1989 515 2058; x_wconf 77' lang='lat' dir='ltr'><strong>Controv.</strong></span> <span class='ocrx_word' id='word_1_130' title='bbox 558 1991 675 2056; x_wconf 81' lang='lat' dir='ltr'><strong>lib.</strong></span> <span class='ocrx_word' id='word_1_131' title='bbox 708 2007 792 2057; x_wconf 86' lang='lat' dir='ltr'><strong>u.</strong></span> <span class='ocrx_word' id='word_1_132' title='bbox 823 1993 896 2055; x_wconf 87' lang='lat' dir='ltr'><strong>in</strong></span> <span class='ocrx_word' id='word_1_133' title='bbox 923 1990 1324 2057; x_wconf 78' lang='lat' dir='ltr'><strong>Praefatione</strong></span> <span class='ocrx_word' id='word_1_134' title='bbox 1352 1989 1628 2069; x_wconf 76' lang='lat' dir='ltr'><strong>addens,</strong></span> <span class='ocrx_word' id='word_1_135' title='bbox 1670 1989 1829 2056; x_wconf 73' lang='lat' dir='ltr'><strong>aliis</strong></span> <span class='ocrx_word' id='word_1_136' title='bbox 1856 1998 2055 2075; x_wconf 85' lang='lat' dir='ltr'><strong>turpe</strong></span> <span class='ocrx_word' id='word_1_137' title='bbox 2080 1992 2381 2058; x_wconf 70' lang='lat' dir='ltr'><strong>habitum</strong></span> 
     </span>
    </p>
   </div>
   <div class='ocr_carea' id='block_1_6' title="bbox 193 2089 2383 2175">
    <p class='ocr_par' dir='ltr' id='par_1_6' title="bbox 193 2089 2383 2175">
     <span class='ocr_line' id='line_1_18' title="bbox 193 2089 2383 2175; baseline 0.002 -21"><span class='ocrx_word' id='word_1_138' title='bbox 193 2091 457 2170; x_wconf 84' lang='lat' dir='ltr'><strong>docere,</strong></span> <span class='ocrx_word' id='word_1_139' title='bbox 515 2093 706 2174; x_wconf 82' lang='lat' dir='ltr'><strong>quod</strong></span> <span class='ocrx_word' id='word_1_140' title='bbox 753 2092 1108 2156; x_wconf 87' lang='lat' dir='ltr'><strong>honestum</strong></span> <span class='ocrx_word' id='word_1_141' title='bbox 1149 2095 1292 2156; x_wconf 76' lang='lat' dir='ltr'><strong>erut</strong></span> <span class='ocrx_word' id='word_1_142' title='bbox 1333 2089 1609 2158; x_wconf 82' lang='lat' dir='ltr'><strong>discere.</strong></span> <span class='ocrx_word' id='word_1_143' title='bbox 1696 2090 1866 2174; x_wconf 86' lang='lat' dir='ltr'><strong>Ejus</strong></span> <span class='ocrx_word' id='word_1_144' title='bbox 1918 2109 2077 2157; x_wconf 86' lang='lat' dir='ltr'><strong>vero</strong></span> <span class='ocrx_word' id='word_1_145' title='bbox 2124 2093 2383 2175; x_wconf 79' lang='lat' dir='ltr'><strong>generis</strong></span> 
     </span>
    </p>
   </div>
   <div class='ocr_carea' id='block_1_7' title="bbox 50 2190 2385 2373">
    <p class='ocr_par' dir='ltr' id='par_1_7' title="bbox 50 2190 2385 2373">
     <span class='ocr_line' id='line_1_19' title="bbox 195 2190 2384 2275; baseline 0.001 -19.814"><span class='ocrx_word' id='word_1_146' title='bbox 195 2193 538 2273; x_wconf 73' lang='lat' dir='ltr'><strong>probabile</strong></span> <span class='ocrx_word' id='word_1_147' title='bbox 565 2201 678 2258; x_wconf 84' lang='lat' dir='ltr'><strong>est</strong></span> <span class='ocrx_word' id='word_1_148' title='bbox 701 2196 900 2258; x_wconf 76' lang='lat' dir='ltr'><strong>etium</strong></span> <span class='ocrx_word' id='word_1_149' title='bbox 925 2191 1230 2257; x_wconf 86' lang='lat' dir='ltr'><strong>Curtium</strong></span> <span class='ocrx_word' id='word_1_150' title='bbox 1257 2191 1617 2258; x_wconf 81' lang='lat' dir='ltr'><strong>Rhetorem</strong></span> <span class='ocrx_word' id='word_1_151' title='bbox 1644 2191 1901 2275; x_wconf 70' lang='lat' dir='ltr'><strong>fuiss03</strong></span> <span class='ocrx_word' id='word_1_152' title='bbox 1941 2190 2384 2259; x_wconf 75' lang='lat' dir='ltr'><strong>Consularem</strong></span> 
     </span>
     <span class='ocr_line' id='line_1_20' title="bbox 50 2293 2385 2373; baseline 0.001 -18"><span class='ocrx_word' id='word_1_153' title='bbox 50 2295 52 2304; x_wconf 75' lang='lat'>‘</span> <span class='ocrx_word' id='word_1_154' title='bbox 196 2311 358 2356; x_wconf 76' lang='lat' dir='ltr'><strong>vero</strong></span> <span class='ocrx_word' id='word_1_155' title='bbox 395 2293 586 2358; x_wconf 85' lang='lat' dir='ltr'><strong>illum</strong></span> <span class='ocrx_word' id='word_1_156' title='bbox 632 2293 948 2360; x_wconf 84' lang='lat' dir='ltr'><strong>Tiberius</strong></span> <span class='ocrx_word' id='word_1_157' title='bbox 995 2312 1088 2360; x_wconf 79' lang='lat' dir='ltr'><strong>ex</strong></span> <span class='ocrx_word' id='word_1_158' title='bbox 1135 2313 1210 2360; x_wconf 91' lang='lat' dir='ltr'><strong>se</strong></span> <span class='ocrx_word' id='word_1_159' title='bbox 1247 2302 1484 2359; x_wconf 81' lang='lat' dir='ltr'><strong>natum</strong></span> <span class='ocrx_word' id='word_1_160' title='bbox 1522 2293 1721 2373; x_wconf 71' lang='lat' dir='ltr'><strong>dixit,</strong></span> <span class='ocrx_word' id='word_1_161' title='bbox 1767 2293 1813 2360; x_wconf 78' lang='grc' dir='ltr'><strong>ί.</strong></span> <span class='ocrx_word' id='word_1_162' title='bbox 1840 2311 1901 2359; x_wconf 91' lang='lat' dir='ltr'><strong>e.</strong></span> <span class='ocrx_word' id='word_1_163' title='bbox 1950 2293 2115 2358; x_wconf 89' lang='lat' dir='ltr'><strong>nihil</strong></span> <span class='ocrx_word' id='word_1_164' title='bbox 2144 2293 2385 2358; x_wconf 85' lang='lat' dir='ltr'><strong>debere</strong></span> 
     </span>
    </p>
   </div>
   <div class='ocr_carea' id='block_1_8' title="bbox 42 2405 56 3143">
    <p class='ocr_par' dir='ltr' id='par_1_8' title="bbox 42 2405 56 3143">
     <span class='ocr_line' id='line_1_21' title="bbox 42 2405 56 3143; baseline 0 0"><span class='ocrx_word' id='word_1_165' title='bbox 42 2405 56 3143; x_wconf 95' lang='lat' dir='ltr'><strong> </strong></span> 
     </span>
    </p>
   </div>
   <div class='ocr_carea' id='block_1_9' title="bbox 40 2405 58 3486">
    <p class='ocr_par' dir='ltr' id='par_1_9' title="bbox 40 2405 58 3486">
     <span class='ocr_line' id='line_1_22' title="bbox 40 2405 58 3486; baseline 0 0"><span class='ocrx_word' id='word_1_166' title='bbox 40 2405 58 3486; x_wconf 95' lang='lat' dir='ltr'><strong> </strong></span> 
     </span>
    </p>
   </div>
   <div class='ocr_carea' id='block_1_10' title="bbox 35 2405 63 4044">
    <p class='ocr_par' dir='ltr' id='par_1_10' title="bbox 35 2405 63 4044">
     <span class='ocr_line' id='line_1_23' title="bbox 35 2405 63 4044; baseline 0 0"><span class='ocrx_word' id='word_1_167' title='bbox 35 2405 63 4044; x_wconf 95' lang='lat' dir='ltr'><strong> </strong></span> 
     </span>
    </p>
   </div>
   <div class='ocr_carea' id='block_1_11' title="bbox 197 2395 2408 4214">
    <p class='ocr_par' dir='ltr' id='par_1_11' title="bbox 197 2395 2408 4214">
     <span class='ocr_line' id='line_1_24' title="bbox 197 2395 2408 2481; baseline 0 -22"><span class='ocrx_word' id='word_1_168' title='bbox 197 2397 588 2476; x_wconf 78' lang='lat' dir='ltr'><strong>perentibus</strong></span> <span class='ocrx_word' id='word_1_169' title='bbox 629 2397 808 2473; x_wconf 90' lang='lat' dir='ltr'><strong>suis,</strong></span> <span class='ocrx_word' id='word_1_170' title='bbox 838 2396 1182 2477; x_wconf 77' lang='lat' dir='ltr'><strong>vilissimis</strong></span> <span class='ocrx_word' id='word_1_171' title='bbox 1225 2398 1481 2481; x_wconf 87' lang='lat' dir='ltr'><strong>quippe</strong></span> <span class='ocrx_word' id='word_1_172' title='bbox 1527 2403 1597 2462; x_wconf 92' lang='lat' dir='ltr'><strong>et</strong></span> <span class='ocrx_word' id='word_1_173' title='bbox 1644 2395 2119 2479; x_wconf 80' lang='lat' dir='ltr'><strong>ignotissimis:</strong></span> <span class='ocrx_word' id='word_1_174' title='bbox 2184 2396 2408 2479; x_wconf 86' lang='lat' dir='ltr'><strong>eique·</strong></span> 
     </span>
     <span class='ocr_line' id='line_1_25' title="bbox 197 2494 2384 2581; baseline 0.001 -24"><span class='ocrx_word' id='word_1_175' title='bbox 197 2496 352 2561; x_wconf 86' lang='lat' dir='ltr'><strong>ideo</strong></span> <span class='ocrx_word' id='word_1_176' title='bbox 379 2497 674 2563; x_wconf 74' lang='lat' dir='ltr'><strong>Tacitus</strong></span> <span class='ocrx_word' id='word_1_177' title='bbox 703 2498 774 2561; x_wconf 84' lang='lat' dir='ltr'><strong>d.</strong></span> <span class='ocrx_word' id='word_1_178' title='bbox 801 2498 850 2563; x_wconf 90' lang='lat' dir='ltr'><strong>l.</strong></span> <span class='ocrx_word' id='word_1_179' title='bbox 881 2505 958 2563; x_wconf 88' lang='lat' dir='ltr'><strong>ut</strong></span> <span class='ocrx_word' id='word_1_180' title='bbox 985 2502 1008 2532; x_wconf 90' lang='lat'>‘</span> <span class='ocrx_word' id='word_1_181' title='bbox 1031 2497 1222 2563; x_wconf 79' lang='lat' dir='ltr'><strong>acre’</strong></span> <span class='ocrx_word' id='word_1_182' title='bbox 1247 2498 1480 2563; x_wconf 84' lang='lat' dir='ltr'><strong>tribuit</strong></span> <span class='ocrx_word' id='word_1_183' title='bbox 1516 2498 1537 2533; x_wconf 80' lang='lat'><strong><em>⁴</em></strong></span> <span class='ocrx_word' id='word_1_184' title='bbox 1556 2494 1942 2581; x_wconf 67' lang='lat' dir='ltr'><strong>ingenium:</strong></span> <span class='ocrx_word' id='word_1_185' title='bbox 1984 2497 2082 2561; x_wconf 80' lang='lat' dir='ltr'><strong>itu</strong></span> <span class='ocrx_word' id='word_1_186' title='bbox 2110 2505 2181 2561; x_wconf 88' lang='lat' dir='ltr'><strong>et</strong></span> <span class='ocrx_word' id='word_1_187' title='bbox 2222 2500 2245 2532; x_wconf 88' lang='lat'>‘</span> <span class='ocrx_word' id='word_1_188' title='bbox 2268 2494 2384 2559; x_wconf 86' lang='lat' dir='ltr'><strong>de-</strong></span> 
     </span>
     <span class='ocr_line' id='line_1_26' title="bbox 199 2596 2385 2677; baseline 0 -16"><span class='ocrx_word' id='word_1_189' title='bbox 199 2598 404 2663; x_wconf 86' lang='lat' dir='ltr'><strong>decus</strong></span> <span class='ocrx_word' id='word_1_190' title='bbox 421 2598 444 2624; x_wconf 84' lang='lat'><em>&#39;</em></span> <span class='ocrx_word' id='word_1_191' title='bbox 473 2598 845 2665; x_wconf 66' lang='lat' dir='ltr'><strong>natalium!</strong></span> <span class='ocrx_word' id='word_1_192' title='bbox 928 2598 1046 2665; x_wconf 89' lang='lat' dir='ltr'><strong>Sic</strong></span> <span class='ocrx_word' id='word_1_193' title='bbox 1074 2597 1465 2664; x_wconf 84' lang='lat' dir='ltr'><strong>Perizonius</strong></span> <span class='ocrx_word' id='word_1_194' title='bbox 1491 2598 1845 2677; x_wconf 87' lang='lat' dir='ltr'><strong>subtiliter,</strong></span> <span class='ocrx_word' id='word_1_195' title='bbox 1872 2602 1951 2663; x_wconf 89' lang='lat' dir='ltr'><strong>ut</strong></span> <span class='ocrx_word' id='word_1_196' title='bbox 1975 2598 2167 2664; x_wconf 86' lang='lat' dir='ltr'><strong>solet.</strong></span> <span class='ocrx_word' id='word_1_197' title='bbox 2254 2596 2385 2662; x_wconf 87' lang='lat' dir='ltr'><strong>Cui</strong></span> 
     </span>
     <span class='ocr_line' id='line_1_27' title="bbox 198 2697 2386 2784; baseline 0 -21"><span class='ocrx_word' id='word_1_198' title='bbox 198 2716 278 2763; x_wconf 81' lang='lat' dir='ltr'><strong>ne</strong></span> <span class='ocrx_word' id='word_1_199' title='bbox 305 2718 596 2783; x_wconf 82' lang='lat' dir='ltr'><strong>prorsus</strong></span> <span class='ocrx_word' id='word_1_200' title='bbox 623 2698 942 2765; x_wconf 71' lang='lat' dir='ltr'><strong>accedam</strong></span> <span class='ocrx_word' id='word_1_201' title='bbox 967 2717 1102 2763; x_wconf 85' lang='lat' dir='ltr'><strong>non</strong></span> <span class='ocrx_word' id='word_1_202' title='bbox 1128 2708 1266 2763; x_wconf 78' lang='lat' dir='ltr'><strong>tam</strong></span> <span class='ocrx_word' id='word_1_203' title='bbox 1290 2714 1398 2777; x_wconf 78' lang='lat' dir='ltr'><strong>eu,</strong></span> <span class='ocrx_word' id='word_1_204' title='bbox 1435 2697 1857 2784; x_wconf 72' lang='lat' dir='ltr'><strong>(quanquam</strong></span> <span class='ocrx_word' id='word_1_205' title='bbox 1894 2715 2029 2764; x_wconf 80' lang='lat' dir='ltr'><strong>non</strong></span> <span class='ocrx_word' id='word_1_206' title='bbox 2053 2699 2386 2782; x_wconf 81' lang='lat' dir='ltr'><strong>negligen-</strong></span> 
     </span>
     <span class='ocr_line' id='line_1_28' title="bbox 199 2797 2389 2885; baseline -0.001 -20"><span class='ocrx_word' id='word_1_207' title='bbox 199 2800 284 2866; x_wconf 75' lang='lat' dir='ltr'><strong>da</strong></span> <span class='ocrx_word' id='word_1_208' title='bbox 311 2804 530 2881; x_wconf 84' lang='lat' dir='ltr'><strong>sunt),</strong></span> <span class='ocrx_word' id='word_1_209' title='bbox 559 2818 716 2885; x_wconf 75' lang='lat' dir='ltr'><strong>quoe</strong></span> <span class='ocrx_word' id='word_1_210' title='bbox 768 2800 989 2868; x_wconf 78' lang='lat' dir='ltr'><strong>Cunze</strong></span> <span class='ocrx_word' id='word_1_211' title='bbox 1025 2797 1371 2883; x_wconf 75' lang='lat' dir='ltr'><strong>(Prolegg.</strong></span> <span class='ocrx_word' id='word_1_212' title='bbox 1401 2818 1473 2883; x_wconf 90' lang='lat' dir='ltr'><strong>p.</strong></span> <span class='ocrx_word' id='word_1_213' title='bbox 1498 2798 1890 2879; x_wconf 77' lang='lat' dir='ltr'><strong>11.)cont1·a</strong></span> <span class='ocrx_word' id='word_1_214' title='bbox 1925 2798 2097 2865; x_wconf 75' lang='lat' dir='ltr'><strong>bunc</strong></span> <span class='ocrx_word' id='word_1_215' title='bbox 2123 2799 2389 2881; x_wconf 70' lang='lat' dir='ltr'><strong>opinio-</strong></span> 
     </span>
     <span class='ocr_line' id='line_1_29' title="bbox 203 2898 2389 2986; baseline -0.001 -18"><span class='ocrx_word' id='word_1_216' title='bbox 203 2922 338 2967; x_wconf 90' lang='lat' dir='ltr'><strong>nem</strong></span> <span class='ocrx_word' id='word_1_217' title='bbox 387 2904 696 2986; x_wconf 76' lang='lat' dir='ltr'><strong>scripsit,</strong></span> <span class='ocrx_word' id='word_1_218' title='bbox 721 2900 1005 2978; x_wconf 77' lang='lat' dir='ltr'><strong>faciunt,</strong></span> <span class='ocrx_word' id='word_1_219' title='bbox 1041 2910 1170 2965; x_wconf 79' lang='lat' dir='ltr'><strong>n&#39;ec</strong></span> <span class='ocrx_word' id='word_1_220' title='bbox 1197 2901 1521 2976; x_wconf 87' lang='lat' dir='ltr'><strong>omnium,</strong></span> <span class='ocrx_word' id='word_1_221' title='bbox 1548 2901 1671 2981; x_wconf 88' lang='lat' dir='ltr'><strong>qui</strong></span> <span class='ocrx_word' id='word_1_222' title='bbox 1696 2902 1951 2975; x_wconf 78' lang='lat' dir='ltr'><strong>extent,</strong></span> <span class='ocrx_word' id='word_1_223' title='bbox 1979 2905 2275 2963; x_wconf 80' lang='lat' dir='ltr'><strong>veterum</strong></span> <span class='ocrx_word' id='word_1_224' title='bbox 2304 2898 2389 2965; x_wconf 88' lang='lat' dir='ltr'><strong>de</strong></span> 
     </span>
     <span class='ocr_line' id='line_1_30' title="bbox 203 2996 2389 3085; baseline 0 -20"><span class='ocrx_word' id='word_1_225' title='bbox 203 3001 434 3069; x_wconf 85' lang='lat' dir='ltr'><strong>Curtio</strong></span> <span class='ocrx_word' id='word_1_226' title='bbox 471 3002 826 3067; x_wconf 88' lang='lat' dir='ltr'><strong>Historico</strong></span> <span class='ocrx_word' id='word_1_227' title='bbox 857 3002 1220 3077; x_wconf 89' lang='lat' dir='ltr'><strong>silentium,</strong></span> <span class='ocrx_word' id='word_1_228' title='bbox 1238 3016 1443 3084; x_wconf 79' lang='lat' dir='ltr'><strong>quum</strong></span> <span class='ocrx_word' id='word_1_229' title='bbox 1464 2998 1737 3083; x_wconf 82' lang='lat' dir='ltr'><strong>quidum</strong></span> <span class='ocrx_word' id='word_1_230' title='bbox 1756 2996 1971 3063; x_wconf 84' lang='lat' dir='ltr'><strong>Curtii</strong></span> <span class='ocrx_word' id='word_1_231' title='bbox 1997 2998 2214 3085; x_wconf 88' lang='lat' dir='ltr'><strong>ipsius</strong></span> <span class='ocrx_word' id='word_1_232' title='bbox 2235 3001 2389 3067; x_wconf 80' lang='lat' dir='ltr'><strong>loci.</strong></span> 
     </span>
     <span class='ocr_line' id='line_1_31' title="bbox 205 3100 2392 3185; baseline -0 -17"><span class='ocrx_word' id='word_1_233' title='bbox 205 3102 382 3171; x_wconf 87' lang='lat' dir='ltr'><strong>Solet</strong></span> <span class='ocrx_word' id='word_1_234' title='bbox 405 3104 613 3183; x_wconf 90' lang='lat' dir='ltr'><strong>enim,</strong></span> <span class='ocrx_word' id='word_1_235' title='bbox 656 3124 746 3169; x_wconf 82' lang='lat' dir='ltr'><strong>ex</strong></span> <span class='ocrx_word' id='word_1_236' title='bbox 785 3120 970 3169; x_wconf 85' lang='lat' dir='ltr'><strong>more</strong></span> <span class='ocrx_word' id='word_1_237' title='bbox 1011 3102 1406 3185; x_wconf 85' lang='lat' dir='ltr'><strong>scriptorum</strong></span> <span class='ocrx_word' id='word_1_238' title='bbox 1434 3100 1824 3185; x_wconf 84' lang='lat' dir='ltr'><strong>posterioris</strong></span> <span class='ocrx_word' id='word_1_239' title='bbox 1852 3101 2010 3180; x_wconf 78' lang='lat' dir='ltr'><strong>aevi,</strong></span> <span class='ocrx_word' id='word_1_240' title='bbox 2041 3119 2165 3167; x_wconf 79' lang='lat' dir='ltr'><strong>suu</strong></span> <span class='ocrx_word' id='word_1_241' title='bbox 2190 3103 2392 3167; x_wconf 78' lang='lat' dir='ltr'><strong>verbu</strong></span> 
     </span>
     <span class='ocr_line' id='line_1_32' title="bbox 203 3200 2389 3286; baseline -0.001 -17"><span class='ocrx_word' id='word_1_242' title='bbox 203 3204 506 3269; x_wconf 81' lang='lat' dir='ltr'><strong>flosculis</strong></span> <span class='ocrx_word' id='word_1_243' title='bbox 561 3202 918 3286; x_wconf 62' lang='lat' dir='ltr'><strong>poetarum</strong></span> <span class='ocrx_word' id='word_1_244' title='bbox 971 3200 1392 3286; x_wconf 81' lang='lat' dir='ltr'><strong>aliorumque</strong></span> <span class='ocrx_word' id='word_1_245' title='bbox 1444 3202 1843 3285; x_wconf 87' lang='lat' dir='ltr'><strong>scriptorum</strong></span> <span class='ocrx_word' id='word_1_246' title='bbox 1892 3220 2118 3269; x_wconf 79' lang='lat' dir='ltr'><strong>eureae</strong></span> <span class='ocrx_word' id='word_1_247' title='bbox 2165 3202 2389 3268; x_wconf 82' lang='lat' dir='ltr'><strong>aetetis</strong></span> 
     </span>
     <span class='ocr_line' id='line_1_33' title="bbox 201 3301 2390 3389; baseline -0.001 -20"><span class='ocrx_word' id='word_1_248' title='bbox 201 3304 303 3389; x_wconf 86' lang='lat' dir='ltr'><strong>(ut</strong></span> <span class='ocrx_word' id='word_1_249' title='bbox 345 3304 644 3387; x_wconf 77' lang='lat' dir='ltr'><strong>Virgilii,</strong></span> <span class='ocrx_word' id='word_1_250' title='bbox 688 3304 902 3388; x_wconf 79' lang='lat' dir='ltr'><strong>Livii)</strong></span> <span class='ocrx_word' id='word_1_251' title='bbox 951 3322 1209 3369; x_wconf 71' lang='lat' dir='ltr'><strong>ornare.</strong></span> <span class='ocrx_word' id='word_1_252' title='bbox 1295 3303 1373 3368; x_wconf 87' lang='lat' dir='ltr'><strong>Si</strong></span> <span class='ocrx_word' id='word_1_253' title='bbox 1422 3301 1595 3369; x_wconf 79' lang='lat' dir='ltr'><strong>adeo</strong></span> <span class='ocrx_word' id='word_1_254' title='bbox 1642 3303 2078 3388; x_wconf 79' lang='lat' dir='ltr'><strong>reperiuntur,</strong></span> <span class='ocrx_word' id='word_1_255' title='bbox 2132 3322 2285 3387; x_wconf 71' lang='lat' dir='ltr'><strong>qum</strong></span> <span class='ocrx_word' id='word_1_256' title='bbox 2351 3322 2390 3367; x_wconf 92' lang='lat' dir='ltr'><strong>e</strong></span> 
     </span>
     <span class='ocr_line' id='line_1_34' title="bbox 203 3403 2391 3491; baseline -0.002 -20"><span class='ocrx_word' id='word_1_257' title='bbox 203 3406 648 3491; x_wconf 82' lang='lat' dir='ltr'><strong>scriptoribus</strong></span> <span class='ocrx_word' id='word_1_258' title='bbox 675 3406 906 3471; x_wconf 80' lang='lat' dir='ltr'><strong>saeculi</strong></span> <span class='ocrx_word' id='word_1_259' title='bbox 935 3426 1004 3489; x_wconf 87' lang='lat' dir='ltr'><strong>p.</strong></span> <span class='ocrx_word' id='word_1_260' title='bbox 1033 3404 1186 3471; x_wconf 86' lang='lat' dir='ltr'><strong>Chr.</strong></span> <span class='ocrx_word' id='word_1_261' title='bbox 1222 3425 1286 3469; x_wconf 90' lang='lat' dir='ltr'><strong>n.</strong></span> <span class='ocrx_word' id='word_1_262' title='bbox 1333 3406 1534 3489; x_wconf 84' lang='lat' dir='ltr'><strong>primi</strong></span> <span class='ocrx_word' id='word_1_263' title='bbox 1574 3406 1881 3471; x_wconf 85' lang='lat' dir='ltr'><strong>exeuntis</strong></span> <span class='ocrx_word' id='word_1_264' title='bbox 1925 3403 2391 3487; x_wconf 84' lang='lat' dir='ltr'><strong>depromserit,</strong></span> 
     </span>
     <span class='ocr_line' id='line_1_35' title="bbox 205 3502 2393 3593; baseline -0.001 -20"><span class='ocrx_word' id='word_1_265' title='bbox 205 3526 364 3573; x_wconf 77' lang='lat' dir='ltr'><strong>sune</strong></span> <span class='ocrx_word' id='word_1_266' title='bbox 387 3508 740 3593; x_wconf 73' lang='lat' dir='ltr'><strong>antiquior</strong></span> <span class='ocrx_word' id='word_1_267' title='bbox 769 3526 926 3573; x_wconf 89' lang='lat' dir='ltr'><strong>esse</strong></span> <span class='ocrx_word' id='word_1_268' title='bbox 945 3508 1200 3591; x_wconf 89' lang='lat' dir='ltr'><strong>nequit.</strong></span> <span class='ocrx_word' id='word_1_269' title='bbox 1283 3506 1445 3573; x_wconf 77' lang='lat' dir='ltr'><strong>Jum</strong></span> <span class='ocrx_word' id='word_1_270' title='bbox 1470 3524 1631 3573; x_wconf 82' lang='lat' dir='ltr'><strong>vero</strong></span> <span class='ocrx_word' id='word_1_271' title='bbox 1658 3514 1813 3572; x_wconf 78' lang='lat' dir='ltr'><strong>tota</strong></span> <span class='ocrx_word' id='word_1_272' title='bbox 1834 3507 2149 3589; x_wconf 81' lang='lat' dir='ltr'><strong>Amyntae</strong></span> <span class='ocrx_word' id='word_1_273' title='bbox 2176 3502 2393 3571; x_wconf 77' lang='lat' dir='ltr'><strong>oratio</strong></span> 
     </span>
     <span class='ocr_line' id='line_1_36' title="bbox 207 3605 2391 3690; baseline -0.001 -19"><span class='ocrx_word' id='word_1_274' title='bbox 207 3628 340 3675; x_wconf 84' lang='lat' dir='ltr'><strong>vu.</strong></span> <span class='ocrx_word' id='word_1_275' title='bbox 363 3612 434 3677; x_wconf 89' lang='lat'><strong>1.</strong></span> <span class='ocrx_word' id='word_1_276' title='bbox 462 3616 539 3676; x_wconf 88' lang='lat' dir='ltr'><strong>ut</strong></span> <span class='ocrx_word' id='word_1_277' title='bbox 567 3617 638 3677; x_wconf 90' lang='lat' dir='ltr'><strong>et</strong></span> <span class='ocrx_word' id='word_1_278' title='bbox 661 3629 892 3689; x_wconf 78' lang='lat' dir='ltr'><strong>causa,</strong></span> <span class='ocrx_word' id='word_1_279' title='bbox 919 3609 1260 3675; x_wconf 77' lang='lat' dir='ltr'><strong>simillima</strong></span> <span class='ocrx_word' id='word_1_280' title='bbox 1285 3615 1390 3673; x_wconf 86' lang='lat' dir='ltr'><strong>est</strong></span> <span class='ocrx_word' id='word_1_281' title='bbox 1432 3606 1535 3673; x_wconf 91' lang='lat' dir='ltr'><strong>illi</strong></span> <span class='ocrx_word' id='word_1_282' title='bbox 1574 3607 1871 3673; x_wconf 84' lang='lat' dir='ltr'><strong>Terentii</strong></span> <span class='ocrx_word' id='word_1_283' title='bbox 1908 3625 2019 3690; x_wconf 80' lang='lat' dir='ltr'><strong>up.</strong></span> <span class='ocrx_word' id='word_1_284' title='bbox 2054 3605 2279 3671; x_wconf 77' lang='lat' dir='ltr'><strong>Tacit.</strong></span> <span class='ocrx_word' id='word_1_285' title='bbox 2301 3605 2391 3670; x_wconf 84' lang='grc' dir='ltr'><strong>Α.</strong></span> 
     </span>
     <span class='ocr_line' id='line_1_37' title="bbox 209 3706 2394 3795; baseline -0.001 -22"><span class='ocrx_word' id='word_1_286' title='bbox 209 3728 308 3775; x_wconf 78' lang='lat' dir='ltr'><strong>vl.</strong></span> <span class='ocrx_word' id='word_1_287' title='bbox 337 3712 400 3779; x_wconf 83' lang='lat'><strong>8.</strong></span> <span class='ocrx_word' id='word_1_288' title='bbox 429 3718 500 3777; x_wconf 88' lang='lat' dir='ltr'><strong>et</strong></span> <span class='ocrx_word' id='word_1_289' title='bbox 527 3712 826 3777; x_wconf 79' lang='lat' dir='ltr'><strong>membra</strong></span> <span class='ocrx_word' id='word_1_290' title='bbox 850 3730 1010 3777; x_wconf 78' lang='lat' dir='ltr'><strong>sune</strong></span> <span class='ocrx_word' id='word_1_291' title='bbox 1039 3712 1298 3795; x_wconf 78' lang='lat' dir='ltr'><strong>aliquot</strong></span> <span class='ocrx_word' id='word_1_292' title='bbox 1321 3716 1501 3789; x_wconf 89' lang='lat' dir='ltr'><strong>sunt,</strong></span> <span class='ocrx_word' id='word_1_293' title='bbox 1533 3726 1687 3793; x_wconf 74' lang='lat' dir='ltr'><strong>qum</strong></span> <span class='ocrx_word' id='word_1_294' title='bbox 1718 3708 1957 3792; x_wconf 80' lang='lat' dir='ltr'><strong>Lipsio</strong></span> <span class='ocrx_word' id='word_1_295' title='bbox 1996 3706 2149 3771; x_wconf 87' lang='lat' dir='ltr'><strong>hinc</strong></span> <span class='ocrx_word' id='word_1_296' title='bbox 2176 3711 2394 3771; x_wconf 66' lang='lat' dir='ltr'><strong>uuus·</strong></span> 
     </span>
     <span class='ocr_line' id='line_1_38' title="bbox 207 3806 2395 3894; baseline -0.002 -17"><span class='ocrx_word' id='word_1_297' title='bbox 207 3812 346 3877; x_wconf 75' lang='lat' dir='ltr'><strong>luta</strong></span> <span class='ocrx_word' id='word_1_298' title='bbox 391 3812 768 3877; x_wconf 78' lang='lat' dir='ltr'><strong>videantur.</strong></span> <span class='ocrx_word' id='word_1_299' title='bbox 850 3812 897 3875; x_wconf 82' lang='lat' dir='ltr'><strong>J</strong></span> <span class='ocrx_word' id='word_1_300' title='bbox 899 3830 1032 3877; x_wconf 83' lang='lat' dir='ltr'><strong>auo</strong></span> <span class='ocrx_word' id='word_1_301' title='bbox 1083 3810 1445 3894; x_wconf 84' lang='lat' dir='ltr'><strong>Rntgersio</strong></span> <span class='ocrx_word' id='word_1_302' title='bbox 1492 3808 1705 3875; x_wconf 88' lang='lat' dir='ltr'><strong>Curtii</strong></span> <span class='ocrx_word' id='word_1_303' title='bbox 1744 3808 1939 3872; x_wconf 91' lang='lat' dir='ltr'><strong>locus</strong></span> <span class='ocrx_word' id='word_1_304' title='bbox 1970 3822 2072 3872; x_wconf 73' lang='lat' dir='ltr'><strong>lv.</strong></span> <span class='ocrx_word' id='word_1_305' title='bbox 2112 3806 2180 3871; x_wconf 85' lang='lat'><strong>4.</strong></span> <span class='ocrx_word' id='word_1_306' title='bbox 2210 3807 2274 3871; x_wconf 88' lang='grc'><strong>7.</strong></span> <span class='ocrx_word' id='word_1_307' title='bbox 2303 3822 2395 3873; x_wconf 74' lang='lat' dir='ltr'><strong>ex</strong></span> 
     </span>
     <span class='ocr_line' id='line_1_39' title="bbox 207 3907 2396 3995; baseline -0.003 -16"><span class='ocrx_word' id='word_1_308' title='bbox 207 3915 488 3980; x_wconf 73' lang='lat' dir='ltr'><strong>Lucano</strong></span> <span class='ocrx_word' id='word_1_309' title='bbox 519 3930 638 3979; x_wconf 84' lang='grc' dir='ltr'><strong>ιιι.</strong></span> <span class='ocrx_word' id='word_1_310' title='bbox 664 3914 820 3979; x_wconf 77' lang='lat'><strong>563.</strong></span> <span class='ocrx_word' id='word_1_311' title='bbox 867 3914 1230 3979; x_wconf 87' lang='lat' dir='ltr'><strong>certissime</strong></span> <span class='ocrx_word' id='word_1_312' title='bbox 1259 3928 1621 3995; x_wconf 82' lang='lat' dir='ltr'><strong>expressus</strong></span> <span class='ocrx_word' id='word_1_313' title='bbox 1650 3907 1933 3986; x_wconf 85' lang='lat' dir='ltr'><strong>videtur,</strong></span> <span class='ocrx_word' id='word_1_314' title='bbox 1976 3907 2167 3994; x_wconf 86' lang='lat' dir='ltr'><strong>cujus</strong></span> <span class='ocrx_word' id='word_1_315' title='bbox 2204 3908 2396 3973; x_wconf 87' lang='lat' dir='ltr'><strong>illum</strong></span> 
     </span>
     <span class='ocr_line' id='line_1_40' title="bbox 207 4010 2395 4095; baseline -0.003 -14"><span class='ocrx_word' id='word_1_316' title='bbox 207 4015 584 4081; x_wconf 86' lang='lat' dir='ltr'><strong>studiosum</strong></span> <span class='ocrx_word' id='word_1_317' title='bbox 643 4015 885 4094; x_wconf 84' lang='lat' dir='ltr'><strong>fuisse,</strong></span> <span class='ocrx_word' id='word_1_318' title='bbox 937 4016 1166 4080; x_wconf 88' lang='lat' dir='ltr'><strong>multis</strong></span> <span class='ocrx_word' id='word_1_319' title='bbox 1223 4015 1322 4090; x_wconf 79' lang='lat' dir='ltr'><strong>¹uit</strong></span> <span class='ocrx_word' id='word_1_320' title='bbox 1377 4010 1787 4094; x_wconf 84' lang='lat' dir='ltr'><strong>argumentis</strong></span> <span class='ocrx_word' id='word_1_321' title='bbox 1837 4010 2109 4095; x_wconf 75' lang='lat' dir='ltr'><strong>probari</strong></span> <span class='ocrx_word' id='word_1_322' title='bbox 2166 4028 2395 4094; x_wconf 87' lang='lat' dir='ltr'><strong>posse.</strong></span> 
     </span>
     <span class='ocr_line' id='line_1_41' title="bbox 211 4111 2393 4214; baseline -0.003 -36"><span class='ocrx_word' id='word_1_323' title='bbox 211 4116 548 4179; x_wconf 78' lang='lat' dir='ltr'><strong>Praetereu</strong></span> <span class='ocrx_word' id='word_1_324' title='bbox 584 4114 703 4179; x_wconf 78' lang='lat' dir='ltr'><strong>alii</strong></span> <span class='ocrx_word' id='word_1_325' title='bbox 731 4134 1000 4200; x_wconf 89' lang='lat' dir='ltr'><strong>quoque</strong></span> <span class='ocrx_word' id='word_1_326' title='bbox 1029 4114 1166 4214; x_wconf 77' lang='lat' dir='ltr'><strong>loci</strong></span> <span class='ocrx_word' id='word_1_327' title='bbox 1195 4134 1330 4181; x_wconf 88' lang='lat' dir='ltr'><strong>non</strong></span> <span class='ocrx_word' id='word_1_328' title='bbox 1359 4113 1563 4203; x_wconf 73' lang='lat' dir='ltr'><strong>pauci</strong></span> <span class='ocrx_word' id='word_1_329' title='bbox 1601 4113 1671 4179; x_wconf 92' lang='lat' dir='ltr'><strong>in</strong></span> <span class='ocrx_word' id='word_1_330' title='bbox 1703 4112 1996 4179; x_wconf 81' lang='lat' dir='ltr'><strong>Freinsh.</strong></span> <span class='ocrx_word' id='word_1_331' title='bbox 2026 4111 2393 4179; x_wconf 81' lang='lat' dir='ltr'><strong>comment.</strong></span> 
     </span>
    </p>
   </div>
  </div>
 </body>
</html>
