<?xml version="1.0" encoding="UTF-8"?>
<!DOCTYPE html PUBLIC "-//W3C//DTD XHTML 1.0 Transitional//EN"
    "http://www.w3.org/TR/xhtml1/DTD/xhtml1-transitional.dtd">
<html xmlns="http://www.w3.org/1999/xhtml" xml:lang="en" lang="en">
 <head>
  <title>
</title>
<meta http-equiv="Content-Type" content="text/html;charset=utf-8" />
  <meta name='ocr-system' content='tesseract 3.04.00' />
  <meta name='ocr-capabilities' content='ocr_page ocr_carea ocr_par ocr_line ocrx_word'/>
</head>
<body>
  <div class='ocr_page' id='page_1' title='image "./quinticurtirufi00freigoog_0162.png"; bbox 0 0 2858 4782; ppageno 0'>
   <div class='ocr_carea' id='block_1_1' title="bbox 684 355 2393 428">
    <p class='ocr_par' dir='ltr' id='par_1_1' title="bbox 684 355 2393 428">
     <span class='ocr_line' id='line_1_1' title="bbox 684 355 2393 428; baseline 0.005 -12"><span class='ocrx_word' id='word_1_1' title='bbox 684 365 946 416; x_wconf 67' lang='lat' dir='ltr'><strong>suurn.</strong></span> <span class='ocrx_word' id='word_1_2' title='bbox 993 365 1074 416; x_wconf 78' lang='lat' dir='ltr'><strong>m</strong></span> <span class='ocrx_word' id='word_1_3' title='bbox 1121 369 1190 428; x_wconf 83' lang='lat' dir='ltr'><strong>Q.</strong></span> <span class='ocrx_word' id='word_1_4' title='bbox 1235 367 1585 419; x_wconf 67' lang='lat' dir='ltr'><strong>cuna-mu</strong></span> <span class='ocrx_word' id='word_1_5' title='bbox 1638 369 1781 418; x_wconf 76' lang='lat' dir='ltr'><strong>mn.</strong></span> <span class='ocrx_word' id='word_1_6' title='bbox 1829 371 1911 419; x_wconf 86' lang='lat'><strong>11.</strong></span> <span class='ocrx_word' id='word_1_7' title='bbox 2265 355 2393 426; x_wconf 83' lang='lat'><strong>141</strong></span> 
     </span>
    </p>
   </div>
   <div class='ocr_carea' id='block_1_2' title="bbox 185 506 2401 1162">
    <p class='ocr_par' dir='ltr' id='par_1_2' title="bbox 185 506 2401 1162">
     <span class='ocr_line' id='line_1_2' title="bbox 187 506 2397 588; baseline 0.003 -20"><span class='ocrx_word' id='word_1_8' title='bbox 187 507 552 568; x_wconf 82' lang='lat' dir='ltr'><strong>clearchum</strong></span> <span class='ocrx_word' id='word_1_9' title='bbox 577 525 711 570; x_wconf 88' lang='lat' dir='ltr'><strong>cum</strong></span> <span class='ocrx_word' id='word_1_10' title='bbox 759 506 1158 588; x_wconf 77' lang='lat' dir='ltr'><strong>quadraginta</strong></span> <span class='ocrx_word' id='word_1_11' title='bbox 1183 507 1369 569; x_wconf 70' lang='lat' dir='ltr'><strong>ferme</strong></span> <span class='ocrx_word' id='word_1_12' title='bbox 1415 509 1881 588; x_wconf 72' lang='lat' dir='ltr'>manipularibus</span> <span class='ocrx_word' id='word_1_13' title='bbox 1918 511 2291 582; x_wconf 70' lang='lat' dir='ltr'><strong>amisissentz</strong></span> <span class='ocrx_word' id='word_1_14' title='bbox 2334 524 2397 574; x_wconf 89' lang='lat' dir='ltr'><strong>et</strong></span> 
     </span>
     <span class='ocr_line' id='line_1_3' title="bbox 185 603 2395 688; baseline 0.005 -26"><span class='ocrx_word' id='word_1_15' title='bbox 185 603 396 664; x_wconf 75' lang='lat' dir='ltr'><strong>hostes</strong></span> <span class='ocrx_word' id='word_1_16' title='bbox 425 621 563 664; x_wconf 89' lang='lat' dir='ltr'><strong>cum</strong></span> <span class='ocrx_word' id='word_1_17' title='bbox 585 612 756 664; x_wconf 84' lang='lat' dir='ltr'><strong>tanta</strong></span> <span class='ocrx_word' id='word_1_18' title='bbox 794 603 1184 682; x_wconf 77' lang='lat' dir='ltr'><strong>trepidatione</strong></span> <span class='ocrx_word' id='word_1_19' title='bbox 1232 616 1626 678; x_wconf 80' lang='lat' dir='ltr'><strong>recesserunt,</strong></span> <span class='ocrx_word' id='word_1_20' title='bbox 1654 615 1723 666; x_wconf 86' lang='lat' dir='ltr'><strong>ut</strong></span> <span class='ocrx_word' id='word_1_21' title='bbox 1768 619 2089 688; x_wconf 75' lang='lat' dir='ltr'><strong>angustum</strong></span> <span class='ocrx_word' id='word_1_22' title='bbox 2128 619 2395 688; x_wconf 87' lang='lat' dir='ltr'><strong>pontem,</strong></span> 
     </span>
     <span class='ocr_line' id='line_1_4' title="bbox 187 697 2399 778; baseline 0.003 -20"><span class='ocrx_word' id='word_1_23' title='bbox 187 716 372 778; x_wconf 86' lang='lat' dir='ltr'><strong>quem</strong></span> <span class='ocrx_word' id='word_1_24' title='bbox 417 697 498 758; x_wconf 77' lang='lat' dir='ltr'><strong>ad</strong></span> <span class='ocrx_word' id='word_1_25' title='bbox 542 698 766 760; x_wconf 77' lang='lat' dir='ltr'><strong>fossam</strong></span> <span class='ocrx_word' id='word_1_26' title='bbox 807 698 1204 778; x_wconf 71' lang='lat' dir='ltr'>superandam</span> <span class='ocrx_word' id='word_1_27' title='bbox 1249 709 1725 774; x_wconf 74' lang='lat' dir='ltr'><strong>construxerant,</strong></span> <span class='ocrx_word' id='word_1_28' title='bbox 1752 701 2069 764; x_wconf 87' lang='lat' dir='ltr'><strong>multitudo</strong></span> <span class='ocrx_word' id='word_1_29' title='bbox 2112 703 2399 764; x_wconf 81' lang='lat' dir='ltr'><strong>festinan·</strong></span> 
     </span>
     <span class='ocr_line' id='line_1_5' title="bbox 187 793 2399 876; baseline 0.003 -24"><span class='ocrx_word' id='word_1_30' title='bbox 187 793 340 853; x_wconf 88' lang='lat' dir='ltr'><strong>tium</strong></span> <span class='ocrx_word' id='word_1_31' title='bbox 368 793 610 874; x_wconf 79' lang='lat' dir='ltr'>ruperit,</span> <span class='ocrx_word' id='word_1_32' title='bbox 635 793 708 854; x_wconf 88' lang='lat' dir='ltr'><strong>iis</strong></span> <span class='ocrx_word' id='word_1_33' title='bbox 746 793 850 874; x_wconf 91' lang='lat' dir='ltr'><strong>qui</strong></span> <span class='ocrx_word' id='word_1_34' title='bbox 889 793 1344 874; x_wconf 74' lang='lat' dir='ltr'><strong>superstiterunt</strong></span> <span class='ocrx_word' id='word_1_35' title='bbox 1387 796 1447 855; x_wconf 91' lang='lat' dir='ltr'><strong>in</strong></span> <span class='ocrx_word' id='word_1_36' title='bbox 1494 813 1763 876; x_wconf 72' lang='lat' dir='ltr'><strong>praeceps</strong></span> <span class='ocrx_word' id='word_1_37' title='bbox 1810 796 2137 860; x_wconf 76' lang='lat' dir='ltr'>devolutis:</span> <span class='ocrx_word' id='word_1_38' title='bbox 2188 801 2283 859; x_wconf 87' lang='lat'><strong>15.</strong></span> <span class='ocrx_word' id='word_1_39' title='bbox 2324 817 2399 859; x_wconf 86' lang='lat' dir='ltr'><strong>ex</strong></span> 
     </span>
     <span class='ocr_line' id='line_1_6' title="bbox 187 886 2399 966; baseline 0.002 -18"><span class='ocrx_word' id='word_1_40' title='bbox 187 888 410 966; x_wconf 88' lang='lat' dir='ltr'><strong>quibus</strong></span> <span class='ocrx_word' id='word_1_41' title='bbox 457 886 726 949; x_wconf 82' lang='lat' dir='ltr'><strong>nonnulli</strong></span> <span class='ocrx_word' id='word_1_42' title='bbox 774 908 813 947; x_wconf 89' lang='lat' dir='ltr'><strong>a</strong></span> <span class='ocrx_word' id='word_1_43' title='bbox 856 888 982 948; x_wconf 82' lang='lat' dir='ltr'><strong>suis</strong></span> <span class='ocrx_word' id='word_1_44' title='bbox 1019 888 1354 953; x_wconf 88' lang='lat' dir='ltr'><strong>conculcati</strong></span> <span class='ocrx_word' id='word_1_45' title='bbox 1399 888 1787 959; x_wconf 71' lang='lat' dir='ltr'><strong>interieruntz</strong></span> <span class='ocrx_word' id='word_1_46' title='bbox 1832 889 1980 956; x_wconf 86' lang='lat' dir='ltr'><strong>alios</strong></span> <span class='ocrx_word' id='word_1_47' title='bbox 2029 892 2399 954; x_wconf 71' lang='lat' dir='ltr'><strong>Macedones</strong></span> 
     </span>
     <span class='ocr_line' id='line_1_7' title="bbox 187 982 2397 1064; baseline 0.002 -20"><span class='ocrx_word' id='word_1_48' title='bbox 187 1003 266 1044; x_wconf 86' lang='lat' dir='ltr'><strong>ex</strong></span> <span class='ocrx_word' id='word_1_49' title='bbox 312 983 616 1064; x_wconf 73' lang='lat' dir='ltr'><strong>superiore</strong></span> <span class='ocrx_word' id='word_1_50' title='bbox 667 982 803 1044; x_wconf 89' lang='lat' dir='ltr'><strong>loco</strong></span> <span class='ocrx_word' id='word_1_51' title='bbox 847 983 984 1044; x_wconf 80' lang='lat' dir='ltr'><strong>telis</strong></span> <span class='ocrx_word' id='word_1_52' title='bbox 1023 985 1360 1046; x_wconf 80' lang='lat' dir='ltr'><strong>confixere:</strong></span> <span class='ocrx_word' id='word_1_53' title='bbox 1403 982 1597 1056; x_wconf 79' lang='lat' dir='ltr'><strong>multi,</strong></span> <span class='ocrx_word' id='word_1_54' title='bbox 1654 984 1871 1064; x_wconf 90' lang='lat' dir='ltr'><strong>quibus</strong></span> <span class='ocrx_word' id='word_1_55' title='bbox 1924 984 2044 1046; x_wconf 82' lang='lat' dir='ltr'><strong>ista</strong></span> <span class='ocrx_word' id='word_1_56' title='bbox 2088 985 2397 1048; x_wconf 86' lang='lat' dir='ltr'><strong>calamitas</strong></span> 
     </span>
     <span class='ocr_line' id='line_1_8' title="bbox 189 1066 2401 1162; baseline 0.002 -25"><span class='ocrx_word' id='word_1_57' title='bbox 189 1089 556 1157; x_wconf 87' lang='lat' dir='ltr'><strong>pepercerat,</strong></span> <span class='ocrx_word' id='word_1_58' title='bbox 573 1066 692 1137; x_wconf 62' lang='lat' dir='ltr'><strong>‘sub</strong></span> <span class='ocrx_word' id='word_1_59' title='bbox 719 1076 852 1158; x_wconf 83' lang='lat' dir='ltr'><strong>ipsa</strong></span> <span class='ocrx_word' id='word_1_60' title='bbox 879 1077 1040 1138; x_wconf 83' lang='lat' dir='ltr'><strong>urbis</strong></span> <span class='ocrx_word' id='word_1_61' title='bbox 1063 1089 1239 1158; x_wconf 88' lang='lat' dir='ltr'><strong>porta</strong></span> <span class='ocrx_word' id='word_1_62' title='bbox 1281 1097 1493 1140; x_wconf 89' lang='lat' dir='ltr'><strong>necem</strong></span> <span class='ocrx_word' id='word_1_63' title='bbox 1536 1078 1919 1142; x_wconf 81' lang='lat' dir='ltr'><strong>invenerunt:</strong></span> <span class='ocrx_word' id='word_1_64' title='bbox 1961 1082 2181 1162; x_wconf 86' lang='lat' dir='ltr'><strong>quippe</strong></span> <span class='ocrx_word' id='word_1_65' title='bbox 2208 1091 2401 1142; x_wconf 83' lang='lat' dir='ltr'><strong>exter-</strong></span> 
     </span>
    </p>
   </div>
   <div class='ocr_carea' id='block_1_3' title="bbox 190 1171 2529 1262">
    <p class='ocr_par' dir='ltr' id='par_1_3' title="bbox 190 1171 2529 1262">
     <span class='ocr_line' id='line_1_9' title="bbox 190 1171 2529 1262; baseline 0.002 -30"><span class='ocrx_word' id='word_1_66' title='bbox 190 1173 320 1232; x_wconf 82' lang='lat' dir='ltr'><strong>ritis</strong></span> <span class='ocrx_word' id='word_1_67' title='bbox 367 1171 662 1246; x_wconf 85' lang='lat' dir='ltr'><strong>omnibus,</strong></span> <span class='ocrx_word' id='word_1_68' title='bbox 711 1172 1228 1253; x_wconf 85' lang='lat' dir='ltr'><strong>metuentibusque</strong></span> <span class='ocrx_word' id='word_1_69' title='bbox 1268 1193 1347 1234; x_wconf 86' lang='lat' dir='ltr'><strong>ne</strong></span> <span class='ocrx_word' id='word_1_70' title='bbox 1399 1191 1520 1234; x_wconf 86' lang='lat' dir='ltr'><strong>una</strong></span> <span class='ocrx_word' id='word_1_71' title='bbox 1572 1174 1936 1238; x_wconf 82' lang='lat' dir='ltr'><strong>Macedones</strong></span> <span class='ocrx_word' id='word_1_72' title='bbox 1990 1177 2399 1256; x_wconf 84' lang='lat' dir='ltr'><strong>irrumperent,</strong></span> <span class='ocrx_word' id='word_1_73' title='bbox 2513 1247 2529 1262; x_wconf 58' lang='lat'><strong>.</strong></span> 
     </span>
    </p>
   </div>
   <div class='ocr_carea' id='block_1_4' title="bbox 189 1265 2421 3157">
    <p class='ocr_par' dir='ltr' id='par_1_4' title="bbox 189 1265 2421 3157">
     <span class='ocr_line' id='line_1_10' title="bbox 189 1265 2395 1350; baseline 0.002 -22"><span class='ocrx_word' id='word_1_74' title='bbox 189 1277 370 1346; x_wconf 85' lang='lat' dir='ltr'><strong>porta</strong></span> <span class='ocrx_word' id='word_1_75' title='bbox 411 1284 784 1347; x_wconf 71' lang='lat' dir='ltr'><strong>praepropere</strong></span> <span class='ocrx_word' id='word_1_76' title='bbox 829 1266 1094 1340; x_wconf 86' lang='lat' dir='ltr'><strong>occlusa,</strong></span> <span class='ocrx_word' id='word_1_77' title='bbox 1121 1287 1402 1348; x_wconf 79' lang='lat' dir='ltr'><strong>magnam</strong></span> <span class='ocrx_word' id='word_1_78' title='bbox 1448 1265 1877 1347; x_wconf 74' lang='lat' dir='ltr'><strong>oppidanorum</strong></span> <span class='ocrx_word' id='word_1_79' title='bbox 1909 1280 2139 1350; x_wconf 85' lang='lat' dir='ltr'><strong>partem</strong></span> <span class='ocrx_word' id='word_1_80' title='bbox 2165 1270 2246 1330; x_wconf 87' lang='lat' dir='ltr'><strong>ad</strong></span> <span class='ocrx_word' id='word_1_81' title='bbox 2272 1272 2395 1332; x_wconf 73' lang='lat' dir='ltr'><strong>exi-</strong></span> 
     </span>
     <span class='ocr_line' id='line_1_11' title="bbox 191 1362 2400 1446; baseline 0.003 -24"><span class='ocrx_word' id='word_1_82' title='bbox 191 1364 342 1424; x_wconf 82' lang='lat' dir='ltr'><strong>tium</strong></span> <span class='ocrx_word' id='word_1_83' title='bbox 367 1362 530 1423; x_wconf 86' lang='lat' dir='ltr'><strong>hosti</strong></span> <span class='ocrx_word' id='word_1_84' title='bbox 555 1362 819 1424; x_wconf 75' lang='lat' dir='ltr'><strong>tradidit.</strong></span> <span class='ocrx_word' id='word_1_85' title='bbox 905 1365 1005 1425; x_wconf 89' lang='grc'><strong>16.</strong></span> <span class='ocrx_word' id='word_1_86' title='bbox 1035 1365 1197 1424; x_wconf 87' lang='lat' dir='ltr'><strong>Inter</strong></span> <span class='ocrx_word' id='word_1_87' title='bbox 1216 1363 1351 1425; x_wconf 78' lang='lat' dir='ltr'><strong>hoec</strong></span> <span class='ocrx_word' id='word_1_88' title='bbox 1369 1362 1701 1445; x_wconf 87' lang='lat' dir='ltr'><strong>Ephialtes,</strong></span> <span class='ocrx_word' id='word_1_89' title='bbox 1726 1384 1847 1424; x_wconf 88' lang='lat' dir='ltr'><strong>non</strong></span> <span class='ocrx_word' id='word_1_90' title='bbox 1874 1385 1979 1444; x_wconf 85' lang='lat' dir='ltr'><strong>spe</strong></span> <span class='ocrx_word' id='word_1_91' title='bbox 2008 1365 2199 1446; x_wconf 82' lang='lat' dir='ltr'><strong>magis</strong></span> <span class='ocrx_word' id='word_1_92' title='bbox 2219 1386 2400 1446; x_wconf 88' lang='lat' dir='ltr'><strong>quam</strong></span> 
     </span>
     <span class='ocr_line' id='line_1_12' title="bbox 189 1458 2399 1540; baseline 0.002 -21"><span class='ocrx_word' id='word_1_93' title='bbox 189 1458 612 1540; x_wconf 74' lang='lat' dir='ltr'><strong>desperatione</strong></span> <span class='ocrx_word' id='word_1_94' title='bbox 639 1459 1044 1534; x_wconf 78' lang='lat' dir='ltr'><strong>formidabilis,</strong></span> <span class='ocrx_word' id='word_1_95' title='bbox 1067 1479 1204 1521; x_wconf 89' lang='lat' dir='ltr'><strong>cum</strong></span> <span class='ocrx_word' id='word_1_96' title='bbox 1246 1459 1422 1540; x_wconf 76' lang='lat' dir='ltr'><strong>regiis</strong></span> <span class='ocrx_word' id='word_1_97' title='bbox 1451 1459 1723 1520; x_wconf 78' lang='lat' dir='ltr'><strong>ferociter</strong></span> <span class='ocrx_word' id='word_1_98' title='bbox 1748 1459 2107 1522; x_wconf 70' lang='lat' dir='ltr'><strong>dimicabat:</strong></span> <span class='ocrx_word' id='word_1_99' title='bbox 2146 1473 2211 1522; x_wconf 85' lang='lat' dir='ltr'><strong>et</strong></span> <span class='ocrx_word' id='word_1_100' title='bbox 2236 1463 2399 1523; x_wconf 85' lang='lat' dir='ltr'><strong>anci-</strong></span> 
     </span>
     <span class='ocr_line' id='line_1_13' title="bbox 191 1553 2403 1634; baseline 0.001 -20"><span class='ocrx_word' id='word_1_101' title='bbox 191 1555 382 1634; x_wconf 85' lang='lat' dir='ltr'><strong>pitem</strong></span> <span class='ocrx_word' id='word_1_102' title='bbox 408 1554 652 1616; x_wconf 76' lang='lat' dir='ltr'><strong>fecisset</strong></span> <span class='ocrx_word' id='word_1_103' title='bbox 675 1555 1002 1628; x_wconf 78' lang='lat' dir='ltr'><strong>victoriam,</strong></span> <span class='ocrx_word' id='word_1_104' title='bbox 1032 1555 1094 1614; x_wconf 89' lang='lat' dir='ltr'><strong>ni</strong></span> <span class='ocrx_word' id='word_1_105' title='bbox 1119 1555 1528 1616; x_wconf 73' lang='lat' dir='ltr'><strong>laborantibus</strong></span> <span class='ocrx_word' id='word_1_106' title='bbox 1556 1553 1681 1614; x_wconf 83' lang='lat' dir='ltr'><strong>suis</strong></span> <span class='ocrx_word' id='word_1_107' title='bbox 1710 1555 1969 1616; x_wconf 83' lang='lat' dir='ltr'><strong>seniores</strong></span> <span class='ocrx_word' id='word_1_108' title='bbox 1999 1555 2403 1618; x_wconf 74' lang='lat' dir='ltr'><strong>Macedonum</strong></span> 
     </span>
     <span class='ocr_line' id='line_1_14' title="bbox 191 1645 2401 1730; baseline 0 -20"><span class='ocrx_word' id='word_1_109' title='bbox 191 1661 428 1711; x_wconf 87' lang='lat' dir='ltr'><strong>mature</strong></span> <span class='ocrx_word' id='word_1_110' title='bbox 453 1645 934 1714; x_wconf 68' lang='lat' dir='ltr'><strong>succurrissent.h</strong></span> <span class='ocrx_word' id='word_1_111' title='bbox 1013 1651 1063 1712; x_wconf 84' lang='lat' dir='ltr'><strong>li</strong></span> <span class='ocrx_word' id='word_1_112' title='bbox 1087 1651 1150 1709; x_wconf 87' lang='lat' dir='ltr'><strong>in</strong></span> <span class='ocrx_word' id='word_1_113' title='bbox 1177 1649 1391 1712; x_wconf 82' lang='lat' dir='ltr'><strong>castris</strong></span> <span class='ocrx_word' id='word_1_114' title='bbox 1417 1649 1791 1710; x_wconf 84' lang='lat' dir='ltr'><strong>habebantur</strong></span> <span class='ocrx_word' id='word_1_115' title='bbox 1836 1649 2127 1710; x_wconf 85' lang='lat' dir='ltr'><strong>immunes</strong></span> <span class='ocrx_word' id='word_1_116' title='bbox 2154 1667 2401 1730; x_wconf 86' lang='lat' dir='ltr'><strong>operum</strong></span> 
     </span>
     <span class='ocr_line' id='line_1_15' title="bbox 189 1743 2403 1826; baseline 0.001 -22"><span class='ocrx_word' id='word_1_117' title='bbox 189 1744 730 1824; x_wconf 81' lang='lat' dir='ltr'><strong>periculorumque,</strong></span> <span class='ocrx_word' id='word_1_118' title='bbox 757 1747 870 1808; x_wconf 87' lang='lat' dir='ltr'><strong>nisi</strong></span> <span class='ocrx_word' id='word_1_119' title='bbox 896 1745 1008 1806; x_wconf 90' lang='lat' dir='ltr'><strong>ubi·</strong></span> <span class='ocrx_word' id='word_1_120' title='bbox 1045 1746 1374 1808; x_wconf 85' lang='lat' dir='ltr'><strong>necessitas</strong></span> <span class='ocrx_word' id='word_1_121' title='bbox 1419 1745 1703 1825; x_wconf 70' lang='lat' dir='ltr'><strong>exigeret,</strong></span> <span class='ocrx_word' id='word_1_122' title='bbox 1730 1761 1867 1806; x_wconf 85' lang='lat' dir='ltr'><strong>cum</strong></span> <span class='ocrx_word' id='word_1_123' title='bbox 1913 1743 2222 1826; x_wconf 84' lang='lat' dir='ltr'><strong>stipendiis</strong></span> <span class='ocrx_word' id='word_1_124' title='bbox 2249 1765 2403 1825; x_wconf 74' lang='lat' dir='ltr'><strong>proe-</strong></span> 
     </span>
     <span class='ocr_line' id='line_1_16' title="bbox 191 1839 2410 1924; baseline 0.001 -26"><span class='ocrx_word' id='word_1_125' title='bbox 191 1839 448 1920; x_wconf 84' lang='lat' dir='ltr'><strong>miisque</strong></span> <span class='ocrx_word' id='word_1_126' title='bbox 476 1840 852 1902; x_wconf 86' lang='lat' dir='ltr'><strong>nihilominus</strong></span> <span class='ocrx_word' id='word_1_127' title='bbox 880 1842 1348 1924; x_wconf 80' lang='lat' dir='ltr'><strong>perfruerentur:</strong></span> <span class='ocrx_word' id='word_1_128' title='bbox 1390 1851 1731 1902; x_wconf 86' lang='lat' dir='ltr'><strong>meruerant</strong></span> <span class='ocrx_word' id='word_1_129' title='bbox 1754 1859 1890 1900; x_wconf 89' lang='lat' dir='ltr'><strong>eum</strong></span> <span class='ocrx_word' id='word_1_130' title='bbox 1923 1840 2209 1902; x_wconf 82' lang='lat' dir='ltr'><strong>honorem</strong></span> <span class='ocrx_word' id='word_1_131' title='bbox 2235 1840 2410 1902; x_wconf 78' lang='lat' dir='ltr'><strong>forti-</strong></span> 
     </span>
     <span class='ocr_line' id='line_1_17' title="bbox 191 1934 2402 2017; baseline 0.001 -23"><span class='ocrx_word' id='word_1_132' title='bbox 191 1935 312 1996; x_wconf 81' lang='lat' dir='ltr'><strong>bus</strong></span> <span class='ocrx_word' id='word_1_133' title='bbox 337 1935 534 2010; x_wconf 81' lang='lat' dir='ltr'><strong>factis,</strong></span> <span class='ocrx_word' id='word_1_134' title='bbox 569 1945 633 1997; x_wconf 91' lang='lat' dir='ltr'><strong>et</strong></span> <span class='ocrx_word' id='word_1_135' title='bbox 661 1939 772 1998; x_wconf 85' lang='lat' dir='ltr'><strong>sub</strong></span> <span class='ocrx_word' id='word_1_136' title='bbox 803 1937 1196 2016; x_wconf 86' lang='lat' dir='ltr'><strong>superioribus</strong></span> <span class='ocrx_word' id='word_1_137' title='bbox 1236 1938 1477 2017; x_wconf 79' lang='lat' dir='ltr'><strong>regibus</strong></span> <span class='ocrx_word' id='word_1_138' title='bbox 1524 1937 1776 2016; x_wconf 86' lang='lat' dir='ltr'><strong>ipsoque</strong></span> <span class='ocrx_word' id='word_1_139' title='bbox 1804 1935 2146 1997; x_wconf 81' lang='lat' dir='ltr'><strong>Alexandro</strong></span> <span class='ocrx_word' id='word_1_140' title='bbox 2172 1934 2402 1996; x_wconf 84' lang='lat' dir='ltr'><strong>bellici-s</strong></span> 
     </span>
     <span class='ocr_line' id='line_1_18' title="bbox 197 2023 2405 2112; baseline 0.001 -23"><span class='ocrx_word' id='word_1_141' title='bbox 197 2029 502 2094; x_wconf 81' lang='lat' dir='ltr'><strong>laboribus</strong></span> <span class='ocrx_word' id='word_1_142' title='bbox 531 2042 710 2094; x_wconf 76' lang='lat' dir='ltr'><strong>oetate</strong></span> <span class='ocrx_word' id='word_1_143' title='bbox 737 2043 970 2095; x_wconf 83' lang='lat' dir='ltr'><strong>exacta.</strong></span> <span class='ocrx_word' id='word_1_144' title='bbox 1057 2036 1152 2096; x_wconf 88' lang='grc'><strong>17.</strong></span> <span class='ocrx_word' id='word_1_145' title='bbox 1196 2035 1246 2095; x_wconf 92' lang='lat' dir='ltr'><strong>Ii</strong></span> <span class='ocrx_word' id='word_1_146' title='bbox 1273 2053 1411 2096; x_wconf 88' lang='lat' dir='ltr'><strong>cum</strong></span> <span class='ocrx_word' id='word_1_147' title='bbox 1440 2051 1583 2094; x_wconf 86' lang='lat' dir='ltr'><strong>suos</strong></span> <span class='ocrx_word' id='word_1_148' title='bbox 1610 2031 1891 2112; x_wconf 89' lang='lat' dir='ltr'><strong>periculis</strong></span> <span class='ocrx_word' id='word_1_149' title='bbox 1918 2023 2149 2092; x_wconf 82' lang='lat' dir='ltr'><strong>territos</strong></span> <span class='ocrx_word' id='word_1_150' title='bbox 2178 2029 2405 2092; x_wconf 81' lang='lat' dir='ltr'><strong>detrec·</strong></span> 
     </span>
     <span class='ocr_line' id='line_1_19' title="bbox 195 2123 2407 2208; baseline 0 -23"><span class='ocrx_word' id='word_1_151' title='bbox 195 2135 324 2188; x_wconf 81' lang='lat' dir='ltr'><strong>tare</strong></span> <span class='ocrx_word' id='word_1_152' title='bbox 352 2146 638 2208; x_wconf 70' lang='lat' dir='ltr'><strong>pugnam,</strong></span> <span class='ocrx_word' id='word_1_153' title='bbox 657 2135 721 2188; x_wconf 91' lang='lat' dir='ltr'><strong>et</strong></span> <span class='ocrx_word' id='word_1_154' title='bbox 745 2128 1006 2208; x_wconf 87' lang='lat' dir='ltr'><strong>receptui</strong></span> <span class='ocrx_word' id='word_1_155' title='bbox 1024 2129 1224 2190; x_wconf 88' lang='lat' dir='ltr'><strong>locum</strong></span> <span class='ocrx_word' id='word_1_156' title='bbox 1249 2129 1701 2207; x_wconf 77' lang='lat' dir='ltr'><strong>circumspicere</strong></span> <span class='ocrx_word' id='word_1_157' title='bbox 1726 2125 2143 2205; x_wconf 74' lang='lat' dir='ltr'><strong>intelligerent,</strong></span> <span class='ocrx_word' id='word_1_158' title='bbox 2155 2123 2407 2186; x_wconf 72' lang='lat' dir='ltr'><strong>Atheria</strong></span> 
     </span>
     <span class='ocr_line' id='line_1_20' title="bbox 197 2219 2421 2304; baseline 0 -23"><span class='ocrx_word' id='word_1_159' title='bbox 197 2219 464 2300; x_wconf 86' lang='lat' dir='ltr'><strong>quodam</strong></span> <span class='ocrx_word' id='word_1_160' title='bbox 491 2221 682 2294; x_wconf 85' lang='lat' dir='ltr'><strong>duce,¹</strong></span> <span class='ocrx_word' id='word_1_161' title='bbox 703 2223 764 2283; x_wconf 90' lang='lat' dir='ltr'><strong>in</strong></span> <span class='ocrx_word' id='word_1_162' title='bbox 789 2223 1038 2302; x_wconf 87' lang='lat' dir='ltr'><strong>primam</strong></span> <span class='ocrx_word' id='word_1_163' title='bbox 1053 2223 1240 2284; x_wconf 87' lang='lat' dir='ltr'><strong>aciem</strong></span> <span class='ocrx_word' id='word_1_164' title='bbox 1259 2225 1575 2304; x_wconf 76' lang='lat' dir='ltr'><strong>provolant</strong></span> <span class='ocrx_word' id='word_1_165' title='bbox 1594 2242 1613 2291; x_wconf 77' lang='lat'>3</span> <span class='ocrx_word' id='word_1_166' title='bbox 1656 2239 2031 2301; x_wconf 87' lang='lat' dir='ltr'><strong>accensoque</strong></span> <span class='ocrx_word' id='word_1_167' title='bbox 2051 2221 2215 2300; x_wconf 88' lang='lat' dir='ltr'><strong>quod</strong></span> <span class='ocrx_word' id='word_1_168' title='bbox 2238 2219 2421 2281; x_wconf 81' lang='lat' dir='ltr'><strong>elan-&#39;</strong></span> 
     </span>
     <span class='ocr_line' id='line_1_21' title="bbox 199 2315 2404 2397; baseline 0 -21"><span class='ocrx_word' id='word_1_169' title='bbox 199 2325 412 2395; x_wconf 75' lang='lat' dir='ltr'><strong>guerat</strong></span> <span class='ocrx_word' id='word_1_170' title='bbox 439 2315 662 2397; x_wconf 71' lang='lat' dir='ltr'><strong>praelio,</strong></span> <span class='ocrx_word' id='word_1_171' title='bbox 679 2317 948 2397; x_wconf 87' lang='lat' dir='ltr'><strong>juniores</strong></span> <span class='ocrx_word' id='word_1_172' title='bbox 983 2318 1262 2380; x_wconf 83' lang='lat' dir='ltr'><strong>conviciis</strong></span> <span class='ocrx_word' id='word_1_173' title='bbox 1305 2327 1368 2382; x_wconf 86' lang='lat' dir='ltr'><strong>et</strong></span> <span class='ocrx_word' id='word_1_174' title='bbox 1403 2317 1633 2397; x_wconf 88' lang='lat' dir='ltr'><strong>pudore</strong></span> <span class='ocrx_word' id='word_1_175' title='bbox 1668 2315 1879 2396; x_wconf 78' lang='lat' dir='ltr'><strong>flagitii</strong></span> <span class='ocrx_word' id='word_1_176' title='bbox 1908 2315 1988 2376; x_wconf 89' lang='lat' dir='ltr'><strong>ad</strong></span> <span class='ocrx_word' id='word_1_177' title='bbox 2014 2315 2404 2376; x_wconf 78' lang='lat' dir='ltr'><strong>resumendus</strong></span> 
     </span>
     <span class='ocr_line' id='line_1_22' title="bbox 202 2411 2407 2494; baseline 0 -23"><span class='ocrx_word' id='word_1_178' title='bbox 202 2412 437 2473; x_wconf 81' lang='lat' dir='ltr'><strong>animos</strong></span> <span class='ocrx_word' id='word_1_179' title='bbox 476 2413 860 2494; x_wconf 86' lang='lat' dir='ltr'><strong>compellunt.</strong></span> <span class='ocrx_word' id='word_1_180' title='bbox 949 2415 1044 2475; x_wconf 88' lang='grc'><strong>18.</strong></span> <span class='ocrx_word' id='word_1_181' title='bbox 1088 2415 1183 2474; x_wconf 87' lang='lat' dir='ltr'><strong>Ita</strong></span> <span class='ocrx_word' id='word_1_182' title='bbox 1209 2412 1397 2476; x_wconf 79' lang='lat' dir='ltr'><strong>&#39;simul</strong></span> <span class='ocrx_word' id='word_1_183' title='bbox 1423 2412 1709 2475; x_wconf 88' lang='lat' dir='ltr'><strong>acerrimo</strong></span> <span class='ocrx_word' id='word_1_184' title='bbox 1749 2412 1883 2473; x_wconf 83' lang='lat' dir='ltr'><strong>nisu</strong></span> <span class='ocrx_word' id='word_1_185' title='bbox 1929 2411 2407 2473; x_wconf 77' lang='lat' dir='ltr'><strong>incumbentibus</strong></span> 
     </span>
     <span class='ocr_line' id='line_1_23' title="bbox 199 2493 2406 2581; baseline -0 -14"><span class='ocrx_word' id='word_1_186' title='bbox 199 2508 500 2581; x_wconf 86' lang='lat' dir='ltr'><strong>omnibus,</strong></span> <span class='ocrx_word' id='word_1_187' title='bbox 543 2527 680 2570; x_wconf 86' lang='lat' dir='ltr'><strong>cum</strong></span> <span class='ocrx_word' id='word_1_188' title='bbox 729 2508 1163 2571; x_wconf 77' lang='lat' dir='ltr'><strong>aemulationem</strong></span> <span class='ocrx_word' id='word_1_189' title='bbox 1217 2528 1386 2574; x_wconf 85' lang='lat' dir='ltr'><strong>suam</strong></span> <span class='ocrx_word' id='word_1_190' title='bbox 1439 2493 1701 2569; x_wconf 77' lang='lat' dir='ltr'><strong>bostium</strong></span> <span class='ocrx_word' id='word_1_191' title='bbox 1754 2505 1990 2571; x_wconf 84' lang='lat' dir='ltr'><strong>damnis</strong></span> <span class='ocrx_word' id='word_1_192' title='bbox 2044 2520 2406 2580; x_wconf 85' lang='lat' dir='ltr'><strong>exercerent,</strong></span> 
     </span>
     <span class='ocr_line' id='line_1_24' title="bbox 197 2601 2405 2683; baseline 0.001 -22"><span class='ocrx_word' id='word_1_193' title='bbox 197 2614 504 2663; x_wconf 85' lang='lat' dir='ltr'><strong>momento</strong></span> <span class='ocrx_word' id='word_1_194' title='bbox 559 2602 838 2683; x_wconf 86' lang='lat' dir='ltr'><strong>temporis</strong></span> <span class='ocrx_word' id='word_1_195' title='bbox 895 2602 1183 2665; x_wconf 87' lang='lat' dir='ltr'><strong>inclinata</strong></span> <span class='ocrx_word' id='word_1_196' title='bbox 1232 2603 1513 2671; x_wconf 69' lang='lat' dir='ltr'><strong>fortunaz</strong></span> <span class='ocrx_word' id='word_1_197' title='bbox 1578 2601 1884 2682; x_wconf 84' lang='lat' dir='ltr'><strong>Ephialtes</strong></span> <span class='ocrx_word' id='word_1_198' title='bbox 1938 2621 2075 2664; x_wconf 88' lang='lat' dir='ltr'><strong>cum</strong></span> <span class='ocrx_word' id='word_1_199' title='bbox 2138 2602 2405 2681; x_wconf 87' lang='lat' dir='ltr'><strong>plurimis</strong></span> 
     </span>
     <span class='ocr_line' id='line_1_25' title="bbox 201 2697 2405 2780; baseline 0.001 -23"><span class='ocrx_word' id='word_1_200' title='bbox 201 2698 660 2779; x_wconf 80' lang='lat' dir='ltr'><strong>fortissimisque</strong></span> <span class='ocrx_word' id='word_1_201' title='bbox 711 2717 950 2760; x_wconf 75' lang='lat' dir='ltr'><strong>suorum</strong></span> <span class='ocrx_word' id='word_1_202' title='bbox 1013 2707 1259 2774; x_wconf 59' lang='lat' dir='ltr'><strong>cesus)K</strong></span> <span class='ocrx_word' id='word_1_203' title='bbox 1306 2699 1519 2780; x_wconf 89' lang='lat' dir='ltr'><strong>reliqui</strong></span> <span class='ocrx_word' id='word_1_204' title='bbox 1581 2700 1642 2759; x_wconf 86' lang='lat' dir='ltr'><strong>in</strong></span> <span class='ocrx_word' id='word_1_205' title='bbox 1690 2700 1895 2759; x_wconf 88' lang='lat' dir='ltr'><strong>urbem</strong></span> <span class='ocrx_word' id='word_1_206' title='bbox 1956 2697 2179 2775; x_wconf 86' lang='lat' dir='ltr'><strong>repulsi</strong></span> <span class='ocrx_word' id='word_1_207' title='bbox 2242 2707 2405 2759; x_wconf 84' lang='lat' dir='ltr'><strong>sunt.</strong></span> 
     </span>
     <span class='ocr_line' id='line_1_26' title="bbox 209 2790 2407 2871; baseline 0.001 -20"><span class='ocrx_word' id='word_1_208' title='bbox 209 2794 307 2856; x_wconf 84' lang='grc'><strong>19.</strong></span> <span class='ocrx_word' id='word_1_209' title='bbox 349 2794 709 2857; x_wconf 86' lang='lat' dir='ltr'><strong>Introierant</strong></span> <span class='ocrx_word' id='word_1_210' title='bbox 729 2794 912 2855; x_wconf 85' lang='lat' dir='ltr'><strong>etiam</strong></span> <span class='ocrx_word' id='word_1_211' title='bbox 949 2794 1350 2857; x_wconf 82' lang='lat' dir='ltr'><strong>Macedonum</strong></span> <span class='ocrx_word' id='word_1_212' title='bbox 1387 2793 1579 2865; x_wconf 88' lang='lat' dir='ltr'><strong>multi,</strong></span> <span class='ocrx_word' id='word_1_213' title='bbox 1606 2804 1669 2854; x_wconf 89' lang='lat' dir='ltr'><strong>et</strong></span> <span class='ocrx_word' id='word_1_214' title='bbox 1708 2790 1993 2871; x_wconf 87' lang='lat' dir='ltr'><strong>oppidum</strong></span> <span class='ocrx_word' id='word_1_215' title='bbox 2032 2792 2091 2851; x_wconf 80' lang='lat' dir='ltr'><strong>vi</strong></span> <span class='ocrx_word' id='word_1_216' title='bbox 2128 2793 2407 2871; x_wconf 85' lang='lat' dir='ltr'><strong>capieba-</strong></span> 
     </span>
     <span class='ocr_line' id='line_1_27' title="bbox 204 2880 2405 2969; baseline 0 -23"><span class='ocrx_word' id='word_1_217' title='bbox 204 2896 342 2961; x_wconf 69' lang='lat' dir='ltr'><strong>turz</strong></span> <span class='ocrx_word' id='word_1_218' title='bbox 381 2909 522 2952; x_wconf 88' lang='lat' dir='ltr'><strong>cum</strong></span> <span class='ocrx_word' id='word_1_219' title='bbox 561 2889 828 2969; x_wconf 85' lang='lat' dir='ltr'><strong>receptui</strong></span> <span class='ocrx_word' id='word_1_220' title='bbox 873 2889 1008 2951; x_wconf 88' lang='lat' dir='ltr'><strong>cani</strong></span> <span class='ocrx_word' id='word_1_221' title='bbox 1055 2908 1160 2951; x_wconf 83' lang='lat' dir='ltr'><strong>rex</strong></span> <span class='ocrx_word' id='word_1_222' title='bbox 1198 2890 1420 2969; x_wconf 66' lang='lat' dir='ltr'><strong>jussitz</strong></span> <span class='ocrx_word' id='word_1_223' title='bbox 1464 2889 1589 2949; x_wconf 76' lang='lat' dir='ltr'><strong>sive</strong></span> <span class='ocrx_word' id='word_1_224' title='bbox 1635 2898 1705 2947; x_wconf 91' lang='lat' dir='ltr'><strong>ut</strong></span> <span class='ocrx_word' id='word_1_225' title='bbox 1752 2887 1883 2948; x_wconf 89' lang='lat' dir='ltr'><strong>urbi</strong></span> <span class='ocrx_word' id='word_1_226' title='bbox 1930 2880 2231 2964; x_wconf 84' lang='lat' dir='ltr'><strong>parceret,¹</strong></span> <span class='ocrx_word' id='word_1_227' title='bbox 2282 2886 2405 2947; x_wconf 79' lang='lat' dir='ltr'><strong>sive</strong></span> 
     </span>
     <span class='ocr_line' id='line_1_28' title="bbox 206 2978 2408 3067; baseline -0.003 -20"><span class='ocrx_word' id='word_1_228' title='bbox 206 2985 496 3067; x_wconf 64' lang='lat' dir='ltr'><strong>pracipiti</strong></span> <span class='ocrx_word' id='word_1_229' title='bbox 529 2984 658 3063; x_wconf 84' lang='lat' dir='ltr'><strong>jam</strong></span> <span class='ocrx_word' id='word_1_230' title='bbox 699 2985 760 3043; x_wconf 90' lang='lat' dir='ltr'><strong>in</strong></span> <span class='ocrx_word' id='word_1_231' title='bbox 801 3002 1108 3065; x_wconf 80' lang='lat' dir='ltr'><strong>vesperam</strong></span> <span class='ocrx_word' id='word_1_232' title='bbox 1154 2982 1274 3056; x_wconf 83' lang='lat' dir='ltr'><strong>die,</strong></span> <span class='ocrx_word' id='word_1_233' title='bbox 1319 2992 1581 3053; x_wconf 86' lang='lat' dir='ltr'><strong>noctem,</strong></span> <span class='ocrx_word' id='word_1_234' title='bbox 1620 2992 1686 3041; x_wconf 89' lang='lat' dir='ltr'><strong>et</strong></span> <span class='ocrx_word' id='word_1_235' title='bbox 1724 2978 1993 3040; x_wconf 81' lang='lat' dir='ltr'><strong>occultas</strong></span> <span class='ocrx_word' id='word_1_236' title='bbox 2046 2979 2269 3058; x_wconf 83' lang='lat' dir='ltr'><strong>ignotis</strong></span> <span class='ocrx_word' id='word_1_237' title='bbox 2316 2980 2408 3041; x_wconf 86' lang='lat' dir='ltr'><strong>lo-</strong></span> 
     </span>
     <span class='ocr_line' id='line_1_29' title="bbox 205 3074 2409 3157; baseline -0.003 -14"><span class='ocrx_word' id='word_1_238' title='bbox 205 3082 294 3143; x_wconf 88' lang='lat' dir='ltr'><strong>cis</strong></span> <span class='ocrx_word' id='word_1_239' title='bbox 343 3080 592 3141; x_wconf 82' lang='lat' dir='ltr'><strong>insidias</strong></span> <span class='ocrx_word' id='word_1_240' title='bbox 639 3079 960 3139; x_wconf 88' lang='lat' dir='ltr'><strong>metuebat.</strong></span> <span class='ocrx_word' id='word_1_241' title='bbox 1047 3078 1180 3137; x_wconf 90' lang='lat' dir='ltr'><strong>Hoc</strong></span> <span class='ocrx_word' id='word_1_242' title='bbox 1225 3074 1497 3157; x_wconf 79' lang='lat' dir='ltr'><strong>praelium</strong></span> <span class='ocrx_word' id='word_1_243' title='bbox 1536 3074 1869 3155; x_wconf 76' lang='lat' dir='ltr'><strong>praecipuas</strong></span> <span class='ocrx_word' id='word_1_244' title='bbox 1909 3074 2285 3135; x_wconf 81' lang='lat' dir='ltr'><strong>obsessorum</strong></span> <span class='ocrx_word' id='word_1_245' title='bbox 2324 3076 2409 3137; x_wconf 79' lang='lat' dir='ltr'><strong>vi-</strong></span> 
     </span>
    </p>
   </div>
   <div class='ocr_carea' id='block_1_5' title="bbox 205 3166 2519 3253">
    <p class='ocr_par' dir='ltr' id='par_1_5' title="bbox 205 3166 2519 3253">
     <span class='ocr_line' id='line_1_30' title="bbox 205 3166 2519 3253; baseline -0.004 -15"><span class='ocrx_word' id='word_1_246' title='bbox 205 3196 300 3237; x_wconf 85' lang='lat' dir='ltr'><strong>res</strong></span> <span class='ocrx_word' id='word_1_247' title='bbox 355 3174 706 3237; x_wconf 83' lang='lat' dir='ltr'><strong>consumsit.</strong></span> <span class='ocrx_word' id='word_1_248' title='bbox 789 3177 892 3235; x_wconf 82' lang='lat'><strong>20.</strong></span> <span class='ocrx_word' id='word_1_249' title='bbox 936 3173 1122 3253; x_wconf 73' lang='lat' dir='ltr'><strong>Igitur</strong></span> <span class='ocrx_word' id='word_1_250' title='bbox 1163 3170 1449 3231; x_wconf 84' lang='lat' dir='ltr'><strong>Memnon</strong></span> <span class='ocrx_word' id='word_1_251' title='bbox 1486 3184 1549 3231; x_wconf 90' lang='lat' dir='ltr'><strong>re</strong></span> <span class='ocrx_word' id='word_1_252' title='bbox 1590 3186 1725 3229; x_wconf 83' lang='lat' dir='ltr'><strong>cum</strong></span> <span class='ocrx_word' id='word_1_253' title='bbox 1756 3166 2127 3229; x_wconf 87' lang='lat' dir='ltr'><strong>Orontobate</strong></span> <span class='ocrx_word' id='word_1_254' title='bbox 2166 3169 2267 3248; x_wconf 92' lang='lat' dir='ltr'><strong>qui</strong></span> <span class='ocrx_word' id='word_1_255' title='bbox 2311 3190 2409 3231; x_wconf 87' lang='lat' dir='ltr'><strong>ur·</strong></span> <span class='ocrx_word' id='word_1_256' title='bbox 2512 3188 2519 3195; x_wconf 85' lang='lat'><strong>·</strong></span> 
     </span>
    </p>
   </div>
   <div class='ocr_carea' id='block_1_6' title="bbox 207 3263 2411 3913">
    <p class='ocr_par' dir='ltr' id='par_1_6' title="bbox 207 3263 2411 3913">
     <span class='ocr_line' id='line_1_31' title="bbox 207 3263 2410 3347; baseline -0.004 -13"><span class='ocrx_word' id='word_1_257' title='bbox 207 3274 344 3333; x_wconf 85' lang='lat' dir='ltr'><strong>bem</strong></span> <span class='ocrx_word' id='word_1_258' title='bbox 403 3272 666 3345; x_wconf 85' lang='lat' dir='ltr'><strong>tenebat,</strong></span> <span class='ocrx_word' id='word_1_259' title='bbox 711 3269 1041 3347; x_wconf 83' lang='lat' dir='ltr'><strong>ceterisque</strong></span> <span class='ocrx_word' id='word_1_260' title='bbox 1087 3266 1340 3327; x_wconf 87' lang='lat' dir='ltr'><strong>ducibus</strong></span> <span class='ocrx_word' id='word_1_261' title='bbox 1381 3264 1765 3337; x_wconf 75' lang='lat' dir='ltr'><strong>deliberata,n</strong></span> <span class='ocrx_word' id='word_1_262' title='bbox 1818 3272 1994 3325; x_wconf 92' lang='lat' dir='ltr'><strong>nocte</strong></span> <span class='ocrx_word' id='word_1_263' title='bbox 2054 3263 2410 3343; x_wconf 87' lang='lat' dir='ltr'><strong>intempesta</strong></span> 
     </span>
     <span class='ocr_line' id='line_1_32' title="bbox 210 3358 2408 3446; baseline -0.004 -17"><span class='ocrx_word' id='word_1_264' title='bbox 210 3368 414 3429; x_wconf 87' lang='lat' dir='ltr'><strong>turrim</strong></span> <span class='ocrx_word' id='word_1_265' title='bbox 438 3366 701 3446; x_wconf 75' lang='lat' dir='ltr'><strong>ligneam</strong></span> <span class='ocrx_word' id='word_1_266' title='bbox 727 3375 790 3426; x_wconf 90' lang='lat' dir='ltr'><strong>et</strong></span> <span class='ocrx_word' id='word_1_267' title='bbox 812 3364 1100 3443; x_wconf 78' lang='lat' dir='ltr'><strong>porticus,</strong></span> <span class='ocrx_word' id='word_1_268' title='bbox 1125 3361 1228 3424; x_wconf 87' lang='lat' dir='ltr'><strong>ubi</strong></span> <span class='ocrx_word' id='word_1_269' title='bbox 1253 3361 1376 3422; x_wconf 87' lang='lat' dir='ltr'><strong>tela</strong></span> <span class='ocrx_word' id='word_1_270' title='bbox 1403 3360 1811 3431; x_wconf 82' lang='lat' dir='ltr'><strong>servabantur,</strong></span> <span class='ocrx_word' id='word_1_271' title='bbox 1838 3358 2189 3431; x_wconf 79' lang='lat' dir='ltr'><strong>incendunt,</strong></span> <span class='ocrx_word' id='word_1_272' title='bbox 2218 3359 2408 3423; x_wconf 77' lang='lat' dir='ltr'><strong>aedifi-</strong></span> 
     </span>
     <span class='ocr_line' id='line_1_33' title="bbox 212 3453 2409 3543; baseline -0.005 -18"><span class='ocrx_word' id='word_1_273' title='bbox 212 3464 435 3543; x_wconf 84' lang='lat' dir='ltr'><strong>ciisque</strong></span> <span class='ocrx_word' id='word_1_274' title='bbox 460 3480 662 3521; x_wconf 60' lang='lat' dir='ltr'><strong>&lt;muro</strong></span> <span class='ocrx_word' id='word_1_275' title='bbox 705 3459 914 3521; x_wconf 78' lang='lat' dir='ltr'><strong>vicinis</strong></span> <span class='ocrx_word' id='word_1_276' title='bbox 951 3460 1150 3538; x_wconf 76' lang='lat' dir='ltr'><strong>ignem</strong></span> <span class='ocrx_word' id='word_1_277' title='bbox 1193 3464 1577 3538; x_wconf 75' lang='lat' dir='ltr'><strong>supponunt:</strong></span> <span class='ocrx_word' id='word_1_278' title='bbox 1616 3474 1739 3533; x_wconf 90' lang='lat' dir='ltr'><strong>quo</strong></span> <span class='ocrx_word' id='word_1_279' title='bbox 1784 3453 2049 3515; x_wconf 88' lang='lat' dir='ltr'><strong>celeriter</strong></span> <span class='ocrx_word' id='word_1_280' title='bbox 2094 3466 2409 3533; x_wconf 80' lang='lat' dir='ltr'><strong>concepto,</strong></span> 
     </span>
     <span class='ocr_line' id='line_1_34' title="bbox 215 3546 2405 3638; baseline -0.005 -19"><span class='ocrx_word' id='word_1_281' title='bbox 215 3578 346 3619; x_wconf 84' lang='lat' dir='ltr'><strong>cum</strong></span> <span class='ocrx_word' id='word_1_282' title='bbox 369 3568 434 3619; x_wconf 89' lang='lat' dir='ltr'><strong>et</strong></span> <span class='ocrx_word' id='word_1_283' title='bbox 459 3576 536 3619; x_wconf 80' lang='lat' dir='ltr'><strong>ex</strong></span> <span class='ocrx_word' id='word_1_284' title='bbox 556 3556 877 3638; x_wconf 85' lang='lat' dir='ltr'><strong>porticibus</strong></span> <span class='ocrx_word' id='word_1_285' title='bbox 915 3554 1178 3633; x_wconf 87' lang='lat' dir='ltr'><strong>turrique</strong></span> <span class='ocrx_word' id='word_1_286' title='bbox 1203 3554 1443 3614; x_wconf 81' lang='lat' dir='ltr'><strong>flamma</strong></span> <span class='ocrx_word' id='word_1_287' title='bbox 1464 3559 1649 3613; x_wconf 79' lang='lat' dir='ltr'><strong>vento</strong></span> <span class='ocrx_word' id='word_1_288' title='bbox 1678 3549 1907 3630; x_wconf 78' lang='lat' dir='ltr'><strong>agitata</strong></span> <span class='ocrx_word' id='word_1_289' title='bbox 1932 3546 2263 3621; x_wconf 85' lang='lat' dir='ltr'><strong>accederet,</strong></span> <span class='ocrx_word' id='word_1_290' title='bbox 2284 3549 2405 3611; x_wconf 87' lang='lat' dir='ltr'><strong>late</strong></span> 
     </span>
     <span class='ocr_line' id='line_1_35' title="bbox 217 3641 2411 3730; baseline -0.005 -15"><span class='ocrx_word' id='word_1_291' title='bbox 217 3652 492 3715; x_wconf 78' lang='lat' dir='ltr'><strong>fuderunt</strong></span> <span class='ocrx_word' id='word_1_292' title='bbox 543 3650 902 3712; x_wconf 84' lang='lat' dir='ltr'><strong>incendium.</strong></span> <span class='ocrx_word' id='word_1_293' title='bbox 963 3652 1080 3710; x_wconf 66' lang='lat'><strong>21.</strong></span> <span class='ocrx_word' id='word_1_294' title='bbox 1129 3645 1581 3730; x_wconf 79' lang='lat' dir='ltr'><strong>oppidanorum</strong></span> <span class='ocrx_word' id='word_1_295' title='bbox 1634 3644 1997 3723; x_wconf 86' lang='lat' dir='ltr'><strong>militumque</strong></span> <span class='ocrx_word' id='word_1_296' title='bbox 2042 3641 2411 3705; x_wconf 83' lang='lat' dir='ltr'><strong>validissima</strong></span> 
     </span>
     <span class='ocr_line' id='line_1_36' title="bbox 219 3737 2409 3827; baseline -0.006 -17"><span class='ocrx_word' id='word_1_297' title='bbox 219 3768 352 3827; x_wconf 79' lang='lat' dir='ltr'><strong>pars</strong></span> <span class='ocrx_word' id='word_1_298' title='bbox 377 3766 572 3811; x_wconf 75' lang='lat' dir='ltr'><strong>arcem</strong></span> <span class='ocrx_word' id='word_1_299' title='bbox 595 3749 656 3807; x_wconf 90' lang='lat' dir='ltr'><strong>in</strong></span> <span class='ocrx_word' id='word_1_300' title='bbox 683 3745 884 3807; x_wconf 88' lang='lat' dir='ltr'><strong>insula</strong></span> <span class='ocrx_word' id='word_1_301' title='bbox 924 3745 1102 3807; x_wconf 80' lang='lat' dir='ltr'><strong>sitam</strong></span> <span class='ocrx_word' id='word_1_302' title='bbox 1129 3744 1479 3824; x_wconf 75' lang='lat' dir='ltr'><strong>ooeupavit3</strong></span> <span class='ocrx_word' id='word_1_303' title='bbox 1523 3741 1623 3803; x_wconf 83' lang='lat' dir='ltr'><strong>alii</strong></span> <span class='ocrx_word' id='word_1_304' title='bbox 1648 3742 1711 3801; x_wconf 90' lang='lat' dir='ltr'><strong>in</strong></span> <span class='ocrx_word' id='word_1_305' title='bbox 1748 3737 2139 3799; x_wconf 87' lang='lat' dir='ltr'><strong>Salmacidem</strong></span> <span class='ocrx_word' id='word_1_306' title='bbox 2168 3756 2235 3797; x_wconf 89' lang='lat' dir='ltr'><strong>se</strong></span> <span class='ocrx_word' id='word_1_307' title='bbox 2262 3757 2409 3797; x_wconf 85' lang='lat' dir='ltr'><strong>con-</strong></span> 
     </span>
     <span class='ocr_line' id='line_1_37' title="bbox 223 3833 2407 3913; baseline -0.004 -10"><span class='ocrx_word' id='word_1_308' title='bbox 223 3845 437 3905; x_wconf 81' lang='lat' dir='ltr'><strong>tulere:</strong></span> <span class='ocrx_word' id='word_1_309' title='bbox 461 3857 486 3887; x_wconf 76' lang='lat'><strong>1·</strong></span> <span class='ocrx_word' id='word_1_310' title='bbox 527 3843 766 3904; x_wconf 82' lang='lat' dir='ltr'><strong>alterius</strong></span> <span class='ocrx_word' id='word_1_311' title='bbox 791 3841 944 3902; x_wconf 82' lang='lat' dir='ltr'><strong>arcis</strong></span> <span class='ocrx_word' id='word_1_312' title='bbox 969 3841 1035 3900; x_wconf 88' lang='lat' dir='ltr'><strong>id</strong></span> <span class='ocrx_word' id='word_1_313' title='bbox 1061 3858 1301 3913; x_wconf 86' lang='lat' dir='ltr'><strong>nomen,</strong></span> <span class='ocrx_word' id='word_1_314' title='bbox 1326 3838 1577 3899; x_wconf 84' lang='lat' dir='ltr'><strong>inditum</strong></span> <span class='ocrx_word' id='word_1_315' title='bbox 1606 3856 1643 3897; x_wconf 89' lang='lat' dir='ltr'><strong>a</strong></span> <span class='ocrx_word' id='word_1_316' title='bbox 1669 3836 1852 3907; x_wconf 78' lang='lat' dir='ltr'><strong>fonte,</strong></span> <span class='ocrx_word' id='word_1_317' title='bbox 1880 3834 1981 3913; x_wconf 88' lang='lat' dir='ltr'><strong>qui</strong></span> <span class='ocrx_word' id='word_1_318' title='bbox 2013 3833 2093 3893; x_wconf 90' lang='lat' dir='ltr'><strong>ibi</strong></span> <span class='ocrx_word' id='word_1_319' title='bbox 2136 3843 2247 3906; x_wconf 87' lang='lat' dir='ltr'><strong>est,</strong></span> <span class='ocrx_word' id='word_1_320' title='bbox 2276 3833 2407 3895; x_wconf 79' lang='lat' dir='ltr'><strong>vul-</strong></span> 
     </span>
    </p>
   </div>
   <div class='ocr_carea' id='block_1_7' title="bbox 289 4022 1783 4096">
    <p class='ocr_par' dir='ltr' id='par_1_7' title="bbox 289 4022 1783 4096">
     <span class='ocr_line' id='line_1_38' title="bbox 289 4022 1783 4096; baseline -0.006 -14"><span class='ocrx_word' id='word_1_321' title='bbox 289 4030 314 4065; x_wconf 82' lang='lat'><strong>¹¹</strong></span> <span class='ocrx_word' id='word_1_322' title='bbox 342 4030 500 4082; x_wconf 81' lang='lat' dir='ltr'><strong>Diod.</strong></span> <span class='ocrx_word' id='word_1_323' title='bbox 525 4032 562 4082; x_wconf 90' lang='lat' dir='ltr'><strong>l.</strong></span> <span class='ocrx_word' id='word_1_324' title='bbox 584 4032 622 4080; x_wconf 77' lang='lat' dir='ltr'><strong>l·-</strong></span> <span class='ocrx_word' id='word_1_325' title='bbox 643 4046 698 4096; x_wconf 88' lang='lat' dir='ltr'><strong>p.</strong></span> <span class='ocrx_word' id='word_1_326' title='bbox 720 4034 836 4082; x_wconf 75' lang='lat'><strong>⁵⁷6.</strong></span> <span class='ocrx_word' id='word_1_327' title='bbox 1414 4024 1431 4057; x_wconf 77' lang='lat'>²</span> <span class='ocrx_word' id='word_1_328' title='bbox 1461 4023 1669 4074; x_wconf 76' lang='lat' dir='ltr'><strong>Arrisn.</strong></span> <span class='ocrx_word' id='word_1_329' title='bbox 1690 4022 1725 4073; x_wconf 88' lang='lat' dir='ltr'><strong>l.</strong></span> <span class='ocrx_word' id='word_1_330' title='bbox 1748 4023 1783 4073; x_wconf 87' lang='lat' dir='ltr'><strong>l.</strong></span> 
     </span>
    </p>
   </div>
   <div class='ocr_carea' id='block_1_8' title="bbox 285 4095 1993 4236">
    <p class='ocr_par' dir='ltr' id='par_1_8' title="bbox 285 4095 1993 4236">
     <span class='ocr_line' id='line_1_39' title="bbox 285 4095 1993 4159; baseline -0.006 -2"><span class='ocrx_word' id='word_1_331' title='bbox 285 4106 300 4139; x_wconf 81' lang='lat'><strong>¹</strong></span> <span class='ocrx_word' id='word_1_332' title='bbox 327 4106 473 4157; x_wconf 83' lang='lat' dir='ltr'><strong>curt.</strong></span> <span class='ocrx_word' id='word_1_333' title='bbox 501 4121 556 4159; x_wconf 70' lang='grc' dir='ltr'><strong>ν.</strong></span> <span class='ocrx_word' id='word_1_334' title='bbox 577 4110 630 4158; x_wconf 74' lang='lat'><strong>2.</strong></span> <span class='ocrx_word' id='word_1_335' title='bbox 643 4112 694 4158; x_wconf 76' lang='lat'><strong>6.</strong></span> <span class='ocrx_word' id='word_1_336' title='bbox 709 4115 768 4159; x_wconf 86' lang='lat' dir='ltr'><strong>et</strong></span> <span class='ocrx_word' id='word_1_337' title='bbox 781 4119 905 4159; x_wconf 79' lang='lat' dir='ltr'><strong>vm.</strong></span> <span class='ocrx_word' id='word_1_338' title='bbox 927 4110 978 4157; x_wconf 90' lang='lat'><strong>1.</strong></span> <span class='ocrx_word' id='word_1_339' title='bbox 999 4110 1080 4159; x_wconf 73' lang='lat'><strong>36.</strong></span> <span class='ocrx_word' id='word_1_340' title='bbox 1414 4107 1455 4133; x_wconf 82' lang='lat'><strong>¹¹</strong></span> <span class='ocrx_word' id='word_1_341' title='bbox 1486 4098 1572 4148; x_wconf 86' lang='lat' dir='ltr'><strong>ld.</strong></span> <span class='ocrx_word' id='word_1_342' title='bbox 1590 4099 1625 4146; x_wconf 89' lang='grc' dir='ltr'><strong>Ι.</strong></span> <span class='ocrx_word' id='word_1_343' title='bbox 1646 4097 1681 4147; x_wconf 86' lang='grc' dir='ltr'><strong>Ι.</strong></span> <span class='ocrx_word' id='word_1_344' title='bbox 1713 4095 1875 4153; x_wconf 80' lang='lat' dir='ltr'><strong>Diod.</strong></span> <span class='ocrx_word' id='word_1_345' title='bbox 1898 4097 1935 4147; x_wconf 90' lang='lat' dir='ltr'><strong>l.</strong></span> <span class='ocrx_word' id='word_1_346' title='bbox 1955 4099 1993 4147; x_wconf 87' lang='lat'><strong>1.</strong></span> 
     </span>
     <span class='ocr_line' id='line_1_40' title="bbox 287 4173 1837 4236; baseline -0.008 -3"><span class='ocrx_word' id='word_1_347' title='bbox 287 4180 314 4215; x_wconf 51' lang='grc' dir='ltr'><strong>’ὃ</strong></span> <span class='ocrx_word' id='word_1_348' title='bbox 343 4182 498 4236; x_wconf 81' lang='lat' dir='ltr'><strong>Diod.</strong></span> <span class='ocrx_word' id='word_1_349' title='bbox 523 4184 557 4233; x_wconf 88' lang='grc' dir='ltr'><strong>Ι.</strong></span> <span class='ocrx_word' id='word_1_350' title='bbox 579 4184 616 4235; x_wconf 89' lang='grc' dir='ltr'><strong>Ι.</strong></span> <span class='ocrx_word' id='word_1_351' title='bbox 1417 4183 1445 4209; x_wconf 82' lang='grc'><strong>··</strong></span> <span class='ocrx_word' id='word_1_352' title='bbox 1475 4173 1682 4225; x_wconf 74' lang='lat' dir='ltr'><strong>vitruv.</strong></span> <span class='ocrx_word' id='word_1_353' title='bbox 1704 4184 1768 4223; x_wconf 82' lang='lat' dir='ltr'><strong>u.</strong></span> <span class='ocrx_word' id='word_1_354' title='bbox 1787 4175 1837 4221; x_wconf 85' lang='grc'><strong>8.</strong></span> 
     </span>
    </p>
   </div>
  </div>
 </body>
</html>
