2858 4782
1089 313 1533 364 rnooemuu.
2355 303 2402 367 ⁷

187 479 358 545 quie
388 477 546 527 sune
585 479 702 525 res
755 457 1038 524 Rheno·
1080 457 1414 542 aequalem
1454 477 1590 524 non
1634 458 2023 526 movisset!
2055 459 2397 527 Jum'eum

193 569 376 628 ‘non
425 565 759 629 intactum
777 559 796 589 ’
852 560 1018 626 dicit
1061 563 1084 595 ‘
1105 579 1188 626 ee
1233 559 1713 644 superstitione
1766 559 2049 638 mentis,'
2096 568 2172 627 ut
2204 570 2397 628 vates

193 665 640 741 consuluerit,
668 679 772 726 lv.
793 662 863 727 6.
886 661 992 726 12.
1012 660 1162 744 ium
1187 665 1210 696 ‘
1228 666 1421 728 vates
1442 661 1759 728 adhibere
1787 662 2083 744 eoepisse
2106 681 2149 726 a
2170 681 2399 746 super·

62 803 64 808 ·
197 765 484 831 stitione
511 764 718 829 enimi
733 762 756 795 ⁹
785 779 860 828 v.
891 765 957 826 4.
1001 761 1068 827 l.
1118 762 1260 846 Jum
1309 767 1332 797 ‘
1356 761 1843 848 superstitionis
1882 781 2017 829 non
2058 769 2397 847 potentem

193 866 452 932 fuisse’
495 882 636 931 vn.
663 867 734 930 7.
763 864 874 930 21.
903 869 978 928 et
999 864 1066 928 ¹7.
1095 863 1163 928 8.
1191 867 1214 899 ‘
1233 881 1388 928 cum
1415 870 1577 946 post
1602 863 1883 930 Darium
1905 863 2401 931 victum'hsrio-

199 969 309 1032 los
355 975 430 1033 et
462 971 660 1032 vates
691 965 1050 1031 consulere
1078 964 1419 1043 desiisset,
1446 983 1681 1030 rursus
1718 965 1803 1030 ad
1844 966 2397 1050 superstitionem

123 1053 134 1072 '
197 1067 973 1150 humanumm'gentium
989 1065 1009 1094 ’
1055 1064 1189 1151 (sic
1230 1064 1551 1132 Codices:
1583 1070 1606 1102 ‘
1628 1067 1981 1132 mentium'
2008 1074 2399 1150 receperunt

201 1169 495 1233 editores
519 1185 610 1231 ex
651 1169 1047 1253 conjectura
1087 1165 1435 1249 Pulmerii)
1461 1165 1791 1231 ‘ludibria
1806 1165 1825 1192 '
1858 1167 2029 1250 (quo
2058 1168 2395 1232 vocabulo

203 1267 344 1333 alio
370 1268 547 1334 ·loco
587 1267 752 1332 artis
795 1267 1082 1350 magicae
1123 1267 1493 1333 vanitatem
1524 1264 1742 1349 notat)
1768 1271 1791 1301 ‘
1813 1266 2183 1334 revolutum
2208 1266 2429 1334 esse.'.

199 1367 512 1447 —Quam'
541 1371 790 1452 aspera
813 1385 1080 1451 quoque
1127 1385 1300 1432 voce
1342 1367 1675 1433 invehitur
1719 1366 1991 1432 Curtius
2019 1369 2088 1432 in
2125 1369 2397 1452 mythos

205 1467 604 1536 Groecorum
648 1469 960 1534 innoxios
999 1476 1072 1534 et
1114 1469 1559 1540 immerentes,
1584 1467 1883 1551 mythum
1928 1467 2015 1532 de
2064 1467 2396 1553 Nymphis

211 1568 760 1654 Marsyae'umore
797 1569 1068 1636 retentis
1114 1569 1359 1635 inscito
1403 1568 1739 1634 vocabulo
1782 1573 1803 1602 ‘
1828 1567 2187 1644 Poetarum
2215 1590 2397 1636 men-

209 1669 1152 1755 dacium’'appelluns,·1n.1.
1181 1670 1250 1736 4.
1281 1675 1352 1734 et
1377 1669 1519 1733 alio
1538 1669 1693 1733 loco
1716 1683 1879 1732 viu.
1902 1669 2007 1732 10.
2028 1667 2135 1734 12.
2166 1670 2397 1750 ‘inde,'

62 1727 64 1762 Ι
206 1772 524 1849 scribens,
543 1791 588 1836 u
602 1777 826 1837 monte
845 1769 1062 1850 Mero,
1079 1770 1308 1836 Graeci
1328 1769 1719 1837 ‘mentiendi
1736 1773 1998 1834 traxere
2012 1770 2397 1851 licentium?

203 1869 404 1936 lovis
429 1873 678 1937 femine
721 1872 1036 1937 Liberum
1073 1879 1329 1957 putrem
1359 1893 1509 1938 esse
1536 1871 1848 1938 celatum.
1939 1869 2115 1949 Qum}
2142 1872 2391 1938 formu-

203 1972 290 2038 }ae
341 1991 508 2037 sune
551 1972 997 2038 Christianum
1022 1975 1238 2057 magis
1265 1973 1524 2051 decent,
1555 1991 1757 2057 quam
1786 1973 2237 2056 antiquiorum
2268 1973 2393 2040 ali·
2430 2021 2433 2024 -

205 2093 426 2157 quern,
452 2073 642 2138 bisce
669 2073 914 2158 mythis
937 2093 982 2137 a
1007 2073 1299 2158 pueritia
1325 2074 1685 2138 imbutum.
1746 2073 1927 2139 Haec
1952 2091 2115 2139 vero
2139 2076 2389 2152 omnia,

206 2174 511 2256 quamvis
533 2173 624 2238 ud
651 2177 916 2240 aetatem
944 2173 1160 2238 Curtii
1185 2173 1623 2239 definiendam
1670 2193 1803 2239 non
1846 2171 2204 2252 sufficiant,
2251 2195 2389 2242 mo-

205 2282 369 2338 nent
389 2281 638 2352 tamen,
681 2293 770 2338 ne
815 2274 1215 2358 simpliciter
1242 2275 1603 2340 Perizonio
1632 2277 2001 2342 credamus.
2100 2275 2390 2342 Possunt

205 2376 370 2442 adeo
421 2375 512 2441 sd
564 2376 631 2441 1.
659 2375 740 2441 F.
777 2375 833 2442 1.
867 2377 1193 2461 Bagnolo,
1241 2377 1551 2457 Comitis,
1604 2377 2027 2457 sententiam,
2096 2377 2169 2443 in
2215 2377 2412 2443 libro·

207 2482 228 2511 ‘
251 2478 440 2543 Delle
469 2478 684 2545 Gente
731 2476 978 2543 cumin
1027 2498 1068 2543 e
1113 2479 1267 2545 dell'
1293 2480 1431 2545 Eta
1474 2476 1545 2543 di
1591 2476 1685 2557 Q.
1716 2477 1959 2544 Curzio
1988 2478 2387 2547 l’Historico

209 2575 792 2661 Rngionaniento:
832 2580 1160 2647 Bononiae
1210 2580 1404 2645 1741.
1456 2581 1525 2646 8.
1586 2580 1841 2663 publici
1889 2580 2061 2664 juris
2108 2580 2386 2656 fectum,

207 2682 678 2765 propensiores
697 2680 970 2747 reddere
995 2681 1300 2746 lectores.
1344 2680 1610 2761 Retulit
1630 2679 1931 2745 Curtium
1960 2680 2053 2745 ud
2082 2686 2389 2764 tempore.

209 2779 620 2845 Constantini
649 2779 906 2864 Magni,
954 2781 1326 2847 rationibus
1361 2802 1451 2848 ex
1488 2782 1645 2847 loeo
1676 2780 2009 2847 'Gurtiano
2039 2799 2224 2863 saepe
2250 2776 2389 2845 lau·

209 2878 376 2958 dato,
405 2900 612 2965 quem
639 2882 742 2945 sie
785 2880 920 2945 fe‘re
959 2880 1461 2963 interpretatur,
1492 2882 1753 2963 petitis:
1799 2878 2091 2945 Verbist
2136 2884 2159 2915 ‘
2178 2881 2387 2965 quod-

211 2998 328 3061 que
377 2981 744 3064 imperium
760 2978 780 3007 '
819 2978 1398 3064 (Macedonicum)
1442 2986 1465 3017 ‘
1486 2982 1617 3046 s'ub
1647 3000 1783 3045 uno
1812 2987 1998 3045 stare
2038 2984 2386 3064 potuisoet‚

207 3076 348 3143 dum
377 3100 424 3144 a
451 3078 762 3165 pluribus
789 3080 1173 3159 sustinetur,
1217 3080 1392 3160 ruit,’
1417 3086 1424 3095 ’
1423 3081 1456 3167 j
1464 3102 1573 3147 am
1616 3082 1863 3166 respici
1906 3081 1995 3145 ad
2040 3082 2387 3150 turbatum

207 3177 462 3263 imperii
490 3178 786 3245 Romani
815 3188 974 3264 post
1001 3180 1389 3249 Constantii
1435 3186 1715 3248 mortem
1766 3189 2033 3262 statum,
2079 3184 2385 3268 pluribus

207 3280 264 3345 in
293 3282 584 3348 diversis
611 3282 985 3367 provinciis
1013 3301 1346 3349 summam
1371 3304 1584 3350 rernm
1612 3286 2088 3351 obtinentibus.
2178 3286 2250 3350 H
2256 3304 2385 3351 unc

207 3382 286 3447 ob
332 3402 616 3449 causum
653 3382 801 3467 jani
844 3384 1064 3450 ruisse
1107 3385 1461 3469 imperium
1513 3384 1933 3467 Romanum3
1994 3387 2178 3469 quod
2228 3404 2385 3452 vero

207 3502 354 3549 cum
376 3483 861 3550 Constantinus
889 3484 960 3548 in
987 3490 1184 3551 tants.
1209 3487 1499 3552 omnium
1530 3504 1739 3551 rerum
1772 3486 2262 3571 perturbatione
2289 3488 2387 3552 ita

206 3586 627 3663 restituisset,
653 3592 733 3650 nt
775 3585 926 3669 ipse
967 3590 1096 3653 toti
1147 3595 1489 3671 praeesset,
1521 3588 1759 3654 merito
1802 3588 2130 3672 populum
2182 3585 2386 3652 Rom.

207 3684 354 3751 huic
381 3686 692 3770 Principi
721 3686 1000 3753 sulutem
1029 3706 1219 3754 suum
1247 3689 1504 3755 debere.
1592 3688 1764 3753 Cum
1798 3690 1944 3753 sine
1986 3706 2112 3752 suo
2156 3690 2385 3772 cupite

205 3786 632 3869 (Constantio
659 3796 944 3868 mortuo,
971 3790 1082 3855 vel
1108 3791 1339 3874 potius
1369 3793 1517 3856 sine
1538 3808 1677 3854 uno
1705 3790 1953 3872 cupite,
1994 3806 2131 3853 uno
2160 3786 2385 3874 Impe-

207 3885 444 3971 ratore)
485 3888 826 3954 discordia
852 3890 1152 3955 membra
1179 3889 1642 3975 trepidassent,
1690 3890 1805 3953 alii
1834 3890 2170 3955 exercitus
2200 3892 2384 3958 aliae-

207 4006 330 4071 que
356 3989 724 4073 provincia
753 3990 967 4058 alium
991 3990 1234 4057 ducem
1281 3997 1532 4057 secutae
1580 4000 1833 4071 essent,
1876 3992 2185 4084 bellaque
2216 3993 2383 4059 civi-

207 4088 290 4154 lia
348 4097 726 4175 parassent,
802 4090 1306 4160 Constantinum
1362 4094 1428 4158 in
1503 4092 1849 4161 Britannia
1906 4093 2381 4179 Imperatorem
