2858 4782
703 309 964 360 suern.
1007 309 1090 358 m
1139 309 1210 370 o.
1255 308 1603 362 oua‘rnm
1656 311 1798 360 mn.
1844 313 1928 361 11.
2255 299 2385 366 119

173 455 430 514 beatum
461 451 575 514 sibi
601 451 786 514 videri
805 451 824 476 ⁹
847 450 994 514 dixit
1037 458 1185 525 rex,e
1211 456 1231 486 ‘
1255 452 1416 532 quod
1446 451 1614 514 vivus
1650 449 1835 514 fidum
1876 453 2131 514 amicum
2174 465 2385 520 nactus

177 560 380 610 esset:
441 549 740 610 extinctus
794 567 1077 628 magnum
1130 547 1510 626 proeconem.’
1594 547 1823 608 Ceteris
1864 548 2045 612 etiam
2084 549 2387 623 heroibus,

175 664 442 724 quorum
465 646 538 705 iis
565 645 626 705 in
648 645 818 706 terris
847 644 1121 726 sepulcra
1159 643 1580 715 ostenduntur,
1610 644 1959 722 parentavit.
2042 649 2103 706 5.
2148 645 2387 708 Sacrifi-

179 741 352 802 cavit
373 752 440 802 et
466 740 702 802 Priamo
717 736 742 772 ‘¹
769 740 848 802 ad
869 739 1068 801 Hercii
1089 759 1272 812 aram,
1295 741 1418 802 sive
1450 751 1515 800 ut
1540 740 1799 820 placaret
1821 759 2026 808 manes
2045 741 2123 800 ab
2140 741 2393 804 AEacida

181 835 522 904 interemtiz
565 837 690 898 sive
713 839 792 897 ob
831 837 1294 916 cognationem,·
1314 855 1491 916 quam
1540 837 1653 898 sibi
1680 855 1817 898 cum
1862 835 2173 899 Iliensibus
2208 837 2391 900 inter-

181 931 406 992 cedere
433 932 842 1004 arbitrabatur,
869 930 1012 1010 quia
1050 931 1288 997 viduam
1329 933 1604 994 Hectoris
1635 931 2087 993 Andromachen
2127 931 2391 1012 Neopto·

183 1027 384 1088 lemur
407 1028 466 1086 in
491 1027 863 1089 matrimonio
884 1027 1190 1090 habuerat.
1257 1029 1565 1100 Minervas,
1588 1049 1765 1109 quam
1782 1027 2083 1108 proecipua
2106 1028 2392 1108 religione

183 1123 605 1195 venerabatur,
630 1122 896 1184 studiose
925 1143 1156 1186 sacrum
1187 1124 1364 1186 fecit:
1409 1126 1833 1204 suspensisque
1862 1125 1919 1183 in
1962 1123 2184 1204 templo
2212 1124 2392 1184 armis

186 1213 362 1290 suis,‘
385 1219 506 1278 alia
545 1218 822 1291 detraxit,
869 1240 1006 1299 quse
1036 1229 1053 1258 ⁸
1087 1240 1124 1280 a
1165 1221 1402 1300 Trojani
1450 1222 1591 1282 belli
1636 1222 1997 1301 temporibus
2043 1219 2353 1282 duravisse
2372 1219 2389 1245 ⁹

185 1314 567 1376 dicebantur.
651 1316 712 1374 6.
754 1322 773 1351 ⁸
805 1315 956 1376 Haec
981 1318 1058 1378 ab
1095 1317 1399 1396 armigeris
1450 1316 1708 1396 praeferri
1733 1317 1747 1341 ’
1765 1317 2031 1395 jubebat,
2058 1323 2077 1352 ‘
2108 1329 2391 1396 tanquam

185 1428 228 1472 a
251 1410 516 1488 propitio
553 1410 792 1470 numine
834 1410 913 1470 ad
961 1412 1352 1492 subigendam
1381 1412 1585 1474 Asiam
1630 1411 2041 1473 commodata:
2084 1411 2275 1491 iisque
2300 1413 2395 1472 in·

185 1505 404 1566 dutum
427 1505 442 1529 ’
464 1506 662 1567 ferunt
688 1513 704 1540 ‘
731 1505 810 1566 ad
835 1506 1158 1568 Granicum
1185 1527 1322 1568 cum
1345 1507 1597 1588 satrapis
1630 1505 2007 1568 decertasse!
2024 1513 2049 1550 ⁸
2132 1508 2190 1563 7.
2231 1507 2395 1570 Alio-

185 1601 334 1679 quin
379 1601 758 1680 elegantibus
801 1601 976 1662 armis
1023 1602 1357 1680 gaudebatt
1419 1604 1645 1662 nullius
1688 1600 1997 1664 munditiei
2045 1600 2393 1663 studiosior.

187 1697 376 1756 Cetra
423 1716 595 1756 usum
630 1696 854 1778 reperio
891 1695 1254 1777 splendida,h
1299 1699 1475 1778 galea
1516 1698 1819 1778 eleganter
1868 1697 2134 1769 cristata,
2184 1697 2393 1758 utrim-

183 1809 308 1868 que
335 1791 813 1870 dependentibus
841 1793 1036 1875 pinnis
1064 1793 1323 1856 candore
1351 1805 1416 1856 et
1443 1793 1849 1874 magnitudine
1872 1793 2229 1872 insignibus,
2257 1792 2393 1853 tho·

185 1905 326 1946 race
351 1886 514 1948 lineo
541 1886 798 1968 duplici:
842 1889 1074 1968 galeam
1113 1890 1372 1952 habebat
1398 1891 1643 1951 ferream
1672 1889 1935 1969 quidem,
1964 1888 2073 1950 sed
2108 1888 2170 1947 in
2198 1888 2395 1968 puris-

185 1981 324 2042 simi
369 1984 602 2062 argenti
649 1984 906 2064 speciem
961 1983 1455 2065 splendoremque
1504 1985 1770 2066 politam,
1818 1981 2129 2061 Theophili
2183 2001 2333 2064 opus
2357 1985 2391 2042 :¹

191 2079 248 2136 8.
293 2077 520 2140 collare
560 2079 808 2140 ferreum
861 2081 1270 2142 internitentes
1327 2099 1577 2160 gemmas
1634 2079 2114 2159 distinguebant:
2186 2079 2389 2156 gladio

189 2173 543 2252 cingebatur
571 2177 840 2236 acumine
871 2187 932 2234 et
952 2174 1166 2236 duritie
1207 2174 1268 2236 iu
1295 2175 1501 2254 paucis
1532 2174 1811 2242 notabili3
1856 2175 2231 2252 augebatque
2258 2192 2391 2253 pre·-

187 2268 340 2328 tium
367 2268 520 2348 ejus,
539 2269 706 2348 quod
734 2271 794 2330 in
816 2280 985 2332 tanto
1014 2270 1148 2331 ferri
1173 2271 1400 2342 robore,
1427 2270 1575 2332 levis
1603 2281 1665 2330 et
1693 2269 1969 2330 tractanti
1996 2268 2209 2328 habilis
2238 2279 2389 2328 erat.

191 2363 354 2425 Huic
383 2375 698 2424 armaturae
726 2363 1023 2427 interdum
1051 2365 1372 2427 amiculum
1399 2365 1649 2426 militare
1676 2365 1999 2445 injiciebat,
2020 2363 2182 2444 quod
2198 2381 2387 2443 genus

187 2471 320 2525 tum
348 2465 368 2492 ‘
393 2459 688 2519 Siculnm’
718 2460 1148 2541 appellabatur.
1232 2462 1290 2520 9.
1336 2461 1612 2521 Ceterum
1640 2459 1995 2539 quibusdam
2015 2459 2225 2519 borum
2253 2469 2393 2539 post

187 2554 252 2613 id
303 2564 541 2633 tempus
585 2556 808 2633 potitus
853 2566 982 2615 est:
1025 2575 1161 2617 nam
1210 2556 1442 2627 thorax,
1490 2576 1667 2635 quern
1716 2555 1993 2627 diximus,
2018 2556 2172 2617 inter
2200 2555 2393 2635 spolia

187 2652 447 2729 pugnati
495 2648 574 2709 ad
631 2650 822 2711 Issum
879 2651 1066 2729 praelii
1113 2651 1258 2720 suit;
1302 2652 1568 2731 gladium
1617 2652 1937 2713 Citieorum
1986 2671 2089 2713 rex
2134 2651 2389 2730 Cyprius

189 2744 357 2805 dono
385 2744 590 2813 dedit:
633 2746 850 2807 Rhodii
879 2747 1162 2819 balteum,
1207 2766 1382 2825 quem
1429 2748 1875 2828 incomparabili
1916 2746 2207 2808 industria
2245 2764 2391 2806 con·

191 2842 468 2921 spicuam
497 2840 750 2903 Helicon
779 2843 1022 2913 fecerat,
1047 2843 1322 2921 egregius
1353 2841 1505 2901 inter
1526 2844 1753 2920 priscos
1782 2842 2057 2901 artifices.
2128 2843 2222 2900 10.
2266 2840 2390 2900 Ne·

193 2956 316 3015 qne
335 2936 590 3017 penitet
619 2936 764 3001 talia
811 2954 1156 3010 memorare,
1193 2957 1328 3015 quae
1356 2938 1653 2999 veteribus
1684 2936 2067 3019 scriptoribus
2096 2933 2281 3014 digna
2304 2955 2392 2996 re·

191 3032 324 3091 latu
351 3030 734 3099 videbantur;
779 3043 842 3093 et
865 3031 1087 3112 alioqui
1111 3051 1457 3111 magnorum
1485 3052 1689 3111 reg-um
1718 3030 1879 3094 dicta
1897 3031 2195 3111 factaque,
2211 3030 2391 3093 etiam

191 3148 334 3206 quoe
355 3126 580 3188 leviora
597 3128 798 3189 haberi
827 3128 1043 3199 solent,
1066 3147 1184 3188 non
1209 3128 1338 3189 sine
1351 3128 1549 3190 fructu
1578 3136 1682 3189 aut
1702 3126 2005 3205 voluptate
2025 3126 2389 3191 recoluntur.

201 3226 298 3284 11.
340 3224 520 3285 Certe
547 3242 712 3285 arma
739 3224 1062 3285 Alexandri
1099 3243 1358 3303 sequens
1394 3234 1543 3285 oetas
1572 3221 1674 3285 diu
1703 3232 1981 3285 venerata
2008 3235 2134 3284 est:
2176 3224 2390 3305 quihus

194 3319 350 3379 adeo
375 3319 644 3399 pepercit
669 3329 956 3394 vetustas,
1006 3331 1074 3381 ut
1113 3342 1186 3381 ex
1231 3321 1518 3383 Romanis
1564 3320 2013 3401 imperatoribus
2056 3320 2206 3381 alius
2254 3333 2393 3399 post
2491 3316 2497 3323 ’

193 3416 450 3476 subacta
479 3412 730 3475 Pontica
746 3410 772 3445 ¹¹
798 3434 984 3495 regna
1011 3416 1322 3497 chlamyde
1350 3416 1509 3479 illius
1538 3416 1891 3496 triumphurn
1922 3434 2093 3475 suurn
2118 3426 2390 3485 ornaret;

195 3510 350 3573 alius
374 3510 677 3573 thoracem
705 3510 1025 3573 Alexandri
1051 3511 1296 3573 indutus
1323 3523 1689 3591 percurreret
1712 3522 1975 3592 pontem,
2002 3529 2176 3588 quern
2204 3530 2389 3571 asmu-

196 3606 417 3667 latione
449 3606 617 3666 Darii
647 3608 972 3687 Xerxisque
1000 3608 1060 3667 in
1099 3607 1314 3688 pelago
1341 3616 1657 3669 struxerat.
1746 3608 1840 3665 12.
1880 3605 2029 3665 Post
2052 3604 2182 3668 haec
2210 3606 2389 3665 Alex-

263 3822 287 3847 Φ
319 3813 464 3865 Plut.
487 3815 522 3864 1.
545 3815 586 3867 l.
605 3814 815 3867 Arrian.
833 3815 868 3867 l.
883 3818 936 3867 l.
955 3817 1142 3869 Cicero
1164 3830 1259 3884 pro
1400 3815 1420 3851 ¹
1450 3816 1657 3867 Arrian.
1682 3818 1716 3865 Ι.
1734 3817 1770 3865 l.

201 3889 411 3951 Archia,
428 3902 485 3939 x.
507 3894 591 3941 24.
1400 3903 1426 3937 ε
1460 3893 1619 3945 Diod.
1644 3892 1793 3943 ivn.
1815 3905 1867 3953 p.
1888 3894 2003 3940 571.

265 3962 290 3996 ⁴¹
317 3962 514 4017 Justin.
538 3978 620 4014 ιι.
654 3972 704 4015 6.
748 3970 826 4019 10.
877 3964 1082 4019 Arrian.
1105 3981 1145 4020 1.
1183 3971 1265 4018 11.
1401 3970 1425 4004 ¹·
1460 3972 1605 4020 Plut.
1628 3968 1779 4019 Alex.
1803 3982 1852 4030 p.
1870 3971 1987 4017 6¹1².

203 4040 297 4089 fin.
1401 4048 1415 4079 ¹
1448 4045 1530 4097 ld.
1547 4060 1597 4109 p.
1621 4048 1737 4095 08⁴.

267 4122 290 4149 ⁸
317 4116 509 4168 Justin.
533 4130 675 4167 xvn.
700 4122 748 4168 3.
770 4124 818 4169 5.
1401 4119 1424 4157 Ι·
1460 4120 1684 4187 Appian.
1707 4116 1773 4168 de
1797 4118 1958 4169 Bellis
1981 4116 2371 4169 Mithridaticis.
