2858 4782
501 369 664 437 114
1319 381 1380 432 s.
1425 379 1931 432 vasmsmtun

531 536 743 607 parata
775 533 888 585 est.
969 519 1204 602 Quippe
1245 539 1422 582 nemo
1464 529 1818 582 cunctanter
1860 523 2083 604 appetit
2122 525 2382 586 fortioris
2432 527 2730 604 gratiam:

531 641 708 702 porro
745 619 950 680 fortior
990 619 1260 691 habetur,
1283 617 1389 698 qui
1436 617 1615 678 infert
1656 617 1899 691 bellum,
1926 639 2105 698 quam
2150 620 2253 699 qui
2300 620 2541 700 excipit.
2635 627 2729 682 14.

535 719 776 788 Quanto
801 727 1000 777 autem
1017 714 1467 776 existimationis
1486 725 1707 776 nostro
1734 715 1995 794 periculo
2018 715 2289 776 fallemus
2310 735 2479 796 spem
2500 737 2729 788 eorum,

534 815 636 895 qui
663 809 1140 874 adolescentibus
1169 811 1338 871 nobis
1365 827 1505 870 eum
1544 810 1827 871 honorem
1870 809 2256 872 deferendum
2288 812 2729 891 judicaverunt.

531 929 707 990 quem
751 909 1044 968 maximus
1087 905 1422 986 imperator,
1458 916 1625 986 pater
1670 925 1863 980 meus,
1900 919 2039 986 post
2085 919 2177 968 tot
2216 909 2449 968 virtutis
2499 911 2731 988 experi-

529 1016 734 1066 menta
755 1003 936 1084 paulo
964 1013 1102 1062 ante
1151 999 1376 1062 obitum
1423 1001 1721 1062 obtinuit?
1806 1005 1901 1062 15.
1943 1003 2081 1062 Non
2124 1001 2285 1062 enim
2312 1003 2449 1063 ideo
2478 1005 2727 1065 Greco-

529 1121 660 1162 rum
687 1099 1004 1161 concilium
1029 1098 1334 1178 imperium
1363 1099 1534 1158 nobis
1572 1099 1857 1172 decrevit,
1886 1109 1952 1159 ut
1978 1099 2039 1157 in
2080 1097 2443 1159 Macedonia
2486 1099 2727 1160 desides

529 1207 594 1258 et
619 1197 848 1276 ignavis
875 1195 1276 1273 voluptatibus
1317 1193 1562 1266 addicti,
1590 1195 1831 1274 injurias
1860 1195 1999 1254 olim
2042 1209 2104 1254 et
2142 1213 2331 1274 nuper
2358 1195 2577 1254 Graeco
2616 1213 2729 1256 no·

523 1293 674 1353 «mini
703 1291 899 1352 illatas
928 1289 1399 1370 negligeremusz
1442 1289 1552 1350 sed
1580 1301 1648 1375 ut
1686 1284 1939 1361 eorum,⁴¹
1964 1309 2103 1368 quoe
2142 1309 2248 1369 per
2292 1307 2583 1350 summam
2628 1309 2731 1350 su·

529 1387 790 1468 perbiam
817 1386 1082 1464 improbe
1108 1395 1170 1445 et
1197 1384 1536 1464 petulanter
1562 1385 1622 1443 in
1654 1403 1767 1444 nos
1794 1384 2235 1458 commiserunt,
2256 1403 2465 1466 poenas
2500 1385 2727 1464 pende-

525 1493 687 1543 rent.
773 1483 872 1541 16.
909 1480 1072 1550 Quid
1099 1480 1294 1541 dicam
1323 1479 1400 1540 de
1427 1479 1500 1539 iis
1529 1479 1875 1540 Groecorum
1904 1479 2265 1552 nationibus,
2292 1497 2441 1558 quas
2472 1480 2592 1539 late
2620 1499 2730 1558 per

529 1577 734 1637 Asiam
760 1575 1010 1637 diffusas
1037 1577 1446 1656 impotentium
1486 1575 1865 1636 barbarorum
1908 1573 2283 1634 intoleranda
2306 1573 2561 1634 servitus
2588 1593 2729 1654 pre-

529 1672 678 1732 mit?
760 1672 1054 1753 Equidem
1107 1672 1322 1752 quibus
1376 1689 1563 1750 nuper
1616 1667 1935 1750 precibus:
1980 1670 2313 1749 quibusque
2360 1671 2727 1748 argumentis

527 1785 769 1828 causam
797 1785 1000 1828 eorum
1028 1767 1237 1828 Delius
1279 1766 1573 1844 Ephesius
1601 1768 1808 1845 egerit,
1836 1785 1975 1828 cum
2022 1765 2134 1846 ipsi
2164 1765 2568 1836 memineritis,
2598 1784 2723 1825 non

524 1873 810 1942 repetam.
897 1865 994 1924 17.
1040 1861 1108 1922 ld
1134 1879 1278 1922 sane
1307 1871 1565 1933 constat,
1590 1879 1693 1921 eos
1740 1879 1971 1934 omnes,
1996 1869 2067 1920 ut
2092 1861 2340 1940 primum
2370 1859 2547 1939 signa
2572 1879 2719 1921 nos·

513 1969 618 2019 *tra
642 1958 1073 2038 conspexerint,
1099 1955 1368 2036 protinus
1397 1955 1474 2016 ad
1502 1973 1618 2016 nos
1646 1973 1780 2017 esse
1812 1957 2185 2028 transituros,
2212 1965 2274 2016 et
2299 1974 2409 2035 pro
2434 1955 2723 2016 liberato·

523 2053 688 2114 ribus
735 2051 1242 2130 assertoribusque
1291 2052 1418 2112 suis
1462 2051 1745 2112 adversus
1794 2070 2003 2132 graves
2050 2052 2405 2132 iniquosque
2444 2050 2727 2112 dominos

527 2147 837 2228 quodlibet
883 2146 1207 2227 periculum
1253 2145 1501 2234 impigre
1550 2159 1949 2229 suscepturos.
2038 2151 2135 2209 18.
2176 2147 2535 2226 Quanquam
2576 2147 2729 2227 quid

528 2243 716 2306 nostri
741 2242 958 2322 pariter
1001 2241 1375 2319 hostiumque
1409 2239 1580 2301 obliti
1620 2241 1841 2303 auxilia
1886 2243 2387 2323 circumspicimus
2430 2241 2727 2302 adversus

529 2349 762 2421 gentes,
789 2357 938 2417 quas
961 2336 1140 2399 etiam
1167 2337 1348 2418 paulo
1368 2335 1585 2398 lentius
1613 2339 1829 2400 vicisse
1855 2357 1891 2399 a
1917 2338 2139 2418 pudore
2162 2357 2341 2418 quam
2368 2337 2558 2417 gloria
2582 2357 2731 2418 pro·

523 2435 658 2515 pius
707 2431 1002 2494 abfuerit?
1089 2434 1184 2493 19.
1226 2431 1473 2491 Patr-um
1512 2452 1644 2492 sevo
1686 2433 1747 2492 in
1777 2434 1981 2493 Asiam
2024 2434 2303 2513 profectis
2346 2433 2731 2494 Lacedaemo-

525 2522 792 2589 niorum'
825 2528 1028 2607 paucis
1077 2527 1351 2605 ingentes
1400 2526 1661 2586 bostium
1712 2528 2007 2587 exercitus
2064 2528 2282 2589 frustra
2334 2528 2681 2588 restiterunt
2708 2549 2727 2588 t

515 2623 868 2704 'Phrygiam,
896 2622 1160 2703 Lydiam,
1189 2620 1683 2701 Paphlagoniam,
1714 2622 1811 2702 agi
1838 2622 2091 2703 ferrique
2117 2624 2313 2705 passi:
2357 2634 2461 2683 aut
2478 2624 2725 2702 quoties

521 2728 724 2779 vetare
751 2717 1079 2789 voluerunt,
1105 2716 1185 2776 ad
1228 2716 1489 2777 hostium
1535 2716 1869 2777 satietatem
1904 2718 2049 2778 coesi
2096 2729 2272 2778 sunt:
2308 2717 2501 2779 donec
2528 2736 2567 2778 a
2594 2720 2727 2779 suis

521 2823 832 2874 revocatus
861 2811 1200 2891 Agesilaus,
1219 2812 1298 2871 ob
1326 2821 1563 2871 exortos
1590 2811 1651 2869 in
1688 2811 1925 2871 Groecia
1952 2811 2258 2883 tumultus,
2278 2810 2727 2890 trepidantibus

521 2919 586 2968 et
612 2908 842 2969 consilii
869 2908 1108 2967 incertis
1136 2907 1312 2977 animi
1339 2925 1413 2965 ex
1443 2914 1609 2965 tanto
1635 2923 1829 2965 errore
1856 2904 2175 2983 recipiendi
2214 2904 2469 2985 spatium
2498 2924 2725 2967 conce-

525 3002 712 3061 deret.
793 3004 896 3060 20.
939 3000 1157 3061 Paucis
1183 3010 1322 3061 ante
1343 3001 1522 3060 istum
1552 3000 1723 3060 annis
1752 3000 1849 3059 vix
1876 2998 2085 3060 decem
2114 2998 2459 3059 Grmcorum
2482 3000 2727 3075 millia}

523 3097 652 3165 sine
679 3095 953 3165 ducibus,
995 3096 1123 3154 sine
1161 3106 1517 3167 commeatu,
1546 3116 1620 3155 ex
1656 3096 1875 3156 intimis
1908 3096 2133 3157 Persici
2164 3097 2389 3176 imperii
2426 3098 2723 3176 partibus,

519 3208 628 3269 per
655 3199 744 3247 tot
783 3188 1031 3249 infestas
1079 3188 1351 3248 nationes
1393 3188 1503 3249 iter
1541 3188 1603 3248 in
1648 3190 1896 3267 patriam
1944 3191 2099 3251 ferro
2140 3203 2531 3271 aperuerunt:
2574 3212 2719 3253 cum

523 3302 628 3345 eos
653 3294 1104 3363 persequeretur
1139 3282 1448 3342 universus
1488 3282 1645 3362 regis
1685 3286 1997 3358 exercitus,
2034 3306 2157 3365 quo
2184 3286 2363 3347 modo
2388 3306 2526 3347 cum
2550 3288 2720 3368 Cyro

519 3380 698 3439 fratre
727 3377 802 3439 de
831 3396 1016 3457 regno
1050 3377 1453 3449 dimicaverat,
1480 3376 1785 3457 victorque
1812 3380 2119 3440 extiterat:
2156 3400 2334 3460 quem
2354 3381 2441 3441 illi
2468 3382 2719 3462 quidem

520 3475 875 3553 ubicumque
901 3492 1287 3552 congressum
1312 3473 1594 3534 fuderunt
1632 3476 2123 3555 fugavemntque.
2205 3478 2307 3537 21.
2352 3477 2480 3537 Nos
2508 3479 2719 3557 igitur,

519 3571 735 3651 quibus
761 3569 1034 3629 universa
1061 3568 1296 3629 Groecia
1322 3580 1412 3629 tot
1436 3569 1694 3630 victoriis
1722 3570 1984 3632 edomita
2008 3585 2197 3651 patet,
2221 3574 2324 3651 qui
2360 3592 2562 3633 eorum
2592 3574 2717 3635 for-

517 3666 781 3726 tissimos
808 3676 912 3725 aut
937 3664 999 3723 in
1027 3664 1151 3725 acie
1175 3664 1523 3735 cecidimus,
1550 3676 1655 3725 aut
1674 3665 1963 3725 habemus
1988 3666 2049 3725 in
2076 3668 2331 3737 castrisg
2372 3666 2715 3729 timebimus

518 3762 748 3823 scilicet
773 3760 996 3833 Asiam,
1023 3779 1202 3840 quam
1229 3778 1433 3820 eorum
1476 3778 1627 3840 quos
1668 3761 1938 3833 vicimus,
1964 3762 2137 3841 pauci
2183 3762 2477 3841 pudendis
2518 3760 2713 3822 cladi·

517 3856 630 3915 bus
658 3854 982 3916 affecerunt
999 3853 1044 3913 ’ξ’
1125 3858 1226 3916 22.
1272 3855 1420 3915 Aliis
1448 3854 1666 3916 deinde
1688 3856 1749 3915 in
1776 3855 2028 3917 eandem
2048 3858 2404 3918 sententiam
2430 3856 2711 3937 adiectis,

513 3949 671 4012 adeo
695 3952 984 4029 permovit
1011 3953 1260 4025 animos,
1285 3962 1354 4013 ut
1373 3950 1645 4012 omnibus
1676 3951 2135 4012 assentientibus
2162 3954 2343 4013 etiam
2366 3952 2711 4027 Parmenio,

581 4114 606 4148 ⁶
639 4114 798 4164 Diod.
817 4128 952 4165 xvu.
974 4132 1026 4180 p.
1049 4124 1164 4171 664.
1638 4142 1645 4149 ·
1706 4118 1729 4155 ¹
1754 4120 1897 4171 Plut.
1920 4120 2195 4186 Agesilaus
2216 4136 2271 4185 p.
2291 4126 2407 4173 ⁶⁹⁸.

581 4199 603 4226 θ
636 4190 780 4243 Plut.
804 4190 919 4243 adv.
944 4192 1179 4245 Colotem
1202 4209 1248 4247 c.
1273 4200 1354 4245 50.
1710 4204 1735 4241 s
1765 4196 2009 4264 Xenopb.
2024 4194 2251 4253 Ἀνιβόσ.
2276 4210 2339 4248 ιι.
2357 4212 2470 4263 sqq.
