2858 4782
509 301 598 366 24
1312 315 1878 366 raonnconmu

511 459 712 524 alieni
742 459 998 524 arbitrii
1025 463 1096 522 et
1121 461 1248 524 sub
1279 458 1657 541 paedagogo
1682 477 1835 524 esse
1862 459 2179 524 deberet-0¹²
2249 457 2549 543 Abjecta
2576 477 2721 544 spe

505 559 882 642 dignitatis,
910 561 999 626 ad
1029 562 1242 626 otium
1263 561 1600 626 concessit
1626 559 1831 625 modo
1848 559 1919 624 in
1946 560 2167 624 hortis
2190 567 2263 626 et
2286 562 2723 637 suburbano,

505 661 710 726 modo
737 659 804 725 in
833 660 1230 747 Campaniae
1269 679 1553 726 secessu
1590 658 2024 737 delitescens,
2068 666 2280 744 atque
2324 679 2413 725 ex
2458 667 2725 726 contu-

507 761 741 828 bernio
769 763 1380 828 sordidissimorum
1405 759 1769 839 hominum,
1813 779 2015 844 super
2048 767 2345 827 veterem
2390 762 2723 844 segnitiae

507 868 761 939 notam,
787 863 1132 928 ebrietatis
1163 880 1439 946 quoque
1488 871 1557 926 et
1588 862 1761 928 alem
1806 861 2153 926 infamiam
2198 863 2432 933 subiit.
2518 861 2723 928 Con-

507 964 804 1028 tumeliis
831 963 1090 1048 ubique
1104 963 1449 1028 obnoxius
1474 963 1695 1028 vixit:¹
1780 962 1859 1028 Si
1894 981 1959 1028 v.
1991 981 2056 1027 c.
2100 963 2305 1046 paulo
2348 964 2567 1031 serius
2610 964 2723 1030 ad

505 1064 902 1148 praedictam
941 1083 1159 1130 coenae
1197 1064 1439 1140 horam
1472 1064 1905 1142 occurrisset,
1932 1082 2089 1141 non,
2114 1063 2247 1128 nisi
2274 1083 2449 1148 mgre
2480 1070 2553 1129 et
2574 1065 2723 1130 cir-

507 1164 692 1229 cuito
715 1162 978 1228 demum
1011 1164 1326 1243 triclinio,
1355 1164 1821 1246 recipiebatur,
1852 1171 1927 1230 et
1959 1164 2233 1247 quoties
2278 1171 2437 1248 post
2476 1165 2721 1231 cibum

507 1264 1049 1342 addormisceret,
1096 1265 1278 1347 quod
1321 1264 1388 1329 ei
1422 1263 1561 1329 fere
1600 1264 1975 1342 accidebat,
2005 1262 2305 1330 olearum
2333 1269 2407 1328 et
2434 1265 2721 1348 palmu-

507 1363 720 1430 larum
741 1366 1012 1430 ossibus
1039 1366 1541 1446 incessebatur3
1569 1365 1905 1430 interdum
1930 1364 2149 1430 ferula
2170 1363 2493 1449 Remove,
2523 1368 2723 1433 velut

506 1485 630 1550 per
661 1466 916 1543 ludum,
957 1465 1383 1531 excitabatur
1428 1484 1476 1530 a
1524 1466 1817 1549 copre'm.
1900 1465 2233 1530 Solebant
2276 1472 2347 1531 et
2390 1467 2721 1532 manibus

509 1569 852 1632 stertentis
899 1568 1086 1632 socci
1134 1565 1386 1646 induci,
1438 1574 1513 1632 ut
1554 1573 1825 1649 repente
1866 1566 2404 1650 expergefactus,
2456 1567 2719 1634 faciem

507 1668 640 1733 sibi
665 1665 1084 1732 confricaret.
1171 1666 1365 1732 Talis
1393 1673 1671 1750 tamque
1696 1666 1955 1732 derisus
1994 1667 2083 1732 ab
2126 1667 2437 1732 omnibus
2478 1667 2720 1746 homo,

505 1786 663 1846 nou,
691 1769 828 1832 nisi
856 1768 1148 1832 mirabili
1177 1768 1473 1851 quodam
1500 1787 1689 1848 casu,
1719 1768 1811 1836 ad
1836 1769 2193 1852 imperium
2220 1768 2547 1836 accedere
2576 1789 2721 1854 po-

506 1870 661 1943 tuit,
689 1878 892 1953 atque
920 1869 1024 1932 ita
1061 1868 1267 1934 etiam
1303 1868 1563 1934 factum
1606 1874 1754 1934 est.r
1840 1868 2183 1933 Exclusus
2230 1869 2403 1936 inter
2444 1875 2721 1936 ceteros

509 1969 598 2033 ab
612 1967 1122 2033 insidiatoribus
1147 1967 1481 2050 caligulae
1517 1969 1587 2032 iu
1612 1966 1906 2046 diaetam,
1932 1970 2049 2034 cui
2071 1986 2309 2034 nomen
2334 1976 2481 2036 erat
2528 1971 2723 2036 Her·-

505 2088 778 2148 moeum,
805 2077 1186 2136 recesserat.
1252 2069 1492 2154 Neque
1518 2070 1733 2136 multo
1755 2076 1933 2154 post,
1962 2089 2227 2134 rumore
2248 2070 2459 2136 caedis
2486 2079 2717 2138 exter·

507 2171 698 2248 ritus,
735 2171 1074 2254 prorepsit
1111 2171 1200 2236 ad
1251 2171 1571 2236 solarium
1594 2173 1998 2255 proximum,
2026 2172 2333 2256 interque
2372 2178 2721 2256 praetenta

507 2272 768 2336 foribus
805 2273 972 2341 ,vela
1029 2292 1104 2338 se
1158 2271 1464 2338 abdidit·
1546 2271 1897 2338 Latentem
1950 2272 2046 2336 ibi
2098 2272 2474 2338 discurrens
2530 2273 2717 2340 forte

508 2373 847 2457 gregarius
891 2372 1129 2451 mile3,‘
1168 2373 1649 2439 animadversis
1692 2373 2007 2458 pedibus,
2048 2394 2089 2439 e
2130 2373 2357 2440 studio
2385 2374 2715 2463 scitandi‚

509 2476 819 2559 quisnam
848 2479 1054 2553 esset,
1082 2478 1378 2558 agnovit,
1408 2483 1947 2559 extractumque,
1975 2483 2045 2541 et
2070 2495 2209 2560 prm
2238 2482 2425 2542 metu
2454 2476 2545 2541 ad
2590 2498 2719 2560 ge-

507 2596 646 2646 nna
687 2577 824 2643 sibi
871 2577 1310 2654 accidentem,
1353 2582 1376 2613 ‘
1389 2576 1873 2661 Imperatorem
1886 2576 1905 2603 '
1948 2578 2290 2643 salutavit.
2378 2577 2563 2643 Hinc
2614 2582 2717 2644 ad

511 2678 684 2745 alios
709 2678 1192 2744 commilitones
1222 2677 1565 2762 perduxit,
1596 2698 1640 2744 a
1676 2680 1925 2763 quibus
1960 2680 2221 2747 lecticae
2252 2679 2609 2762 impositus
2638 2687 2719 2745 et

509 2782 584 2845 in
635 2785 862 2847 castra
909 2779 1176 2847 delatus
1221 2784 1326 2844 est
1367 2779 1583 2845 tristis
1620 2798 1705 2845 ac
1751 2780 2073 2864 trepidas,
2112 2781 2474 2847 miserante
2501 2780 2721 2873 obyia

509 2883 722 2960 turba,
766 2881 962 2966 quasi
998 2880 1089 2947 ad
1135 2899 1410 2965 poenam
1436 2886 1775 2966 raperetur
1796 2882 2049 2947 insons.
2136 2880 2489 2964 Receptus
2526 2880 2719 2948 intra

507 2983 784 3060 vallum,
811 2985 982 3049 inter
1021 2983 1344 3048 excubias
1387 2984 1677 3049 militum
1716 2982 2143 3067 pernoctavit
2178 2981 2533 3064 aliquanto
2582 2986 2719 3049 mi-

507 3101 670 3152 nore
702 3101 828 3166 spe
857 3100 1062 3166 quam
1089 3083 1360 3149 fiducia.
1448 3083 1633 3149 Nam
1661 3085 1975 3150 consules
2002 3102 2155 3148 cum
2194 3088 2437 3149 senatu
2478 3090 2553 3149 et
2588 3102 2720 3149 co-

509 3182 814 3249 hortibus
855 3182 1134 3249 urbanis
1172 3183 1386 3248 forum
1415 3183 1946 3267 capitoliumque
1972 3190 2467 3267 occupaverant
2492 3200 2721 3250 asser-

511 3283 648 3357 turi
665 3300 1086 3349 communem
1105 3283 1500 3349 libertatem.
1543 3282 1831 3349 Accitns
1852 3282 2094 3349 deinde
2110 3304 2227 3367 per
2244 3284 2549 3349 tribunos
2564 3284 2723 3367 ple-

511 3386 622 3451 bis
649 3385 722 3449 in
749 3385 1027 3463 curiam,
1045 3386 1116 3451 vi
1145 3405 1220 3451 se
1235 3391 1304 3453 et
1329 3385 1729 3451 necessitate
1756 3385 1989 3463 teneri,
2002 3383 2367 3468 respondit.
2426 3383 2723 3452 Postero

511 3488 642 3567 die,
663 3492 902 3553 senatu
923 3488 1234 3573 sequiore
1261 3486 1334 3551 in
1351 3487 1769 3571 exequendis
1796 3487 2177 3564 conatibus,
2199 3492 2269 3551 et
2282 3484 2722 3551 multitudine

573 3672 601 3707 9
631 3665 847 3717 Sueton-
867 3666 1050 3718 Claud.
1075 3673 1125 3717 5.
1652 3667 1886 3730 σκοτεινῇ.
1948 3664 2272 3729 &noph-101.
2299 3663 2424 3715 κατά
2435 3670 2723 3729 turpeom-

539 3746 546 3754 '
573 3748 598 3784 1
632 3740 715 3792 ld.
737 3740 865 3795 ibid.
886 3746 936 3794 8.
1648 3740 1736 3792 τὸν
1754 3740 1941 3802 ὀλίγως
1961 3739 2156 3801 βαθμῖσι
2174 3738 2367 3803 χορίον.

574 3823 596 3850 ¹
627 3816 711 3868 Id.
756 3817 886 3871 ibid.
923 3822 1004 3870 10.
1053 3816 1234 3869 Aurei.
1260 3816 1406 3869 Vict.
1432 3816 1573 3881 Epit-
1713 3822 1730 3850 ⁸
1762 3816 1948 3867 Aurei.
1972 3814 2113 3866 Vict.
2148 3814 2216 3864 de
2238 3814 2493 3865 Cesarib.
2516 3828 2605 3866 ιιι.
2630 3820 2725 3865 19-

509 3904 595 3943 tv.
666 3893 770 3943 Dio
813 3895 1020 3945 Cassius
1059 3906 1150 3946 ι,ι.
1191 3892 1309 3946 init.
1351 3891 1573 3957 joseph.
1653 3906 1786 3941 unus
1822 3897 1968 3941 ortus
1994 3889 2138 3954 Epiri
2161 3903 2229 3939 ex
2247 3888 2721 3953 cohortibus,un

511 3968 872 4033 Antiqq...1ud.
893 3982 1018 4022 ιιι.
1037 3972 1086 4020 8.
1650 3965 1897 4031 palatium
1922 3978 2018 4028 per
2052 3970 2369 4028 opportunos
2410 3963 2553 4013 iocos
2573 3964 2721 4015 obsi-

578 4050 597 4076 ·
631 4043 808 4096 Aurei,
841 4044 987 4096 Vict.
1009 4045 1102 4094 1.1.
1123 4043 1344 4095 deformi
1367 4042 1572 4094 latebra
1648 4040 1863 4091 debant.
1926 4039 2143 4102 joseph.
2176 4038 2213 4089 Ι.
2241 4038 2274 4087 1.
2304 4036 2725 4105 Γράτοιτΰσπρὶ

512 4122 700 4173 latens.
765 4120 868 4172 Dio
909 4120 1050 4173 Cau·
1086 4119 1122 4168 Ι.
1158 4120 1196 4169 Ι.
1231 4118 1282 4169 δν
1311 4118 1457 4185 γωνίᾳ
1478 4136 1571 4169 nv
1646 4117 1706 4169 τὸ
1724 4114 2515 4178 βασίλιώπστῦνηριπκόν.
