<?xml version="1.0" encoding="UTF-8"?>
<!DOCTYPE html PUBLIC "-//W3C//DTD XHTML 1.0 Transitional//EN"
    "http://www.w3.org/TR/xhtml1/DTD/xhtml1-transitional.dtd">
<html xmlns="http://www.w3.org/1999/xhtml" xml:lang="en" lang="en">
 <head>
  <title>
</title>
<meta http-equiv="Content-Type" content="text/html;charset=utf-8" />
  <meta name='ocr-system' content='tesseract 3.04.00' />
  <meta name='ocr-capabilities' content='ocr_page ocr_carea ocr_par ocr_line ocrx_word'/>
</head>
<body>
  <div class='ocr_page' id='page_1' title='image "./quinticurtirufi00freigoog_0081.png"; bbox 0 0 2858 4782; ppageno 0'>
   <div class='ocr_carea' id='block_1_1' title="bbox 489 319 1896 384">
    <p class='ocr_par' dir='ltr' id='par_1_1' title="bbox 489 319 1896 384">
     <span class='ocr_line' id='line_1_1' title="bbox 489 319 1896 384; baseline -0.004 0"><span class='ocrx_word' id='word_1_1' title='bbox 489 319 580 384; x_wconf 68' lang='lat'><strong>(36</strong></span> <span class='ocrx_word' id='word_1_2' title='bbox 1281 333 1340 382; x_wconf 79' lang='lat' dir='ltr'><strong>J.</strong></span> <span class='ocrx_word' id='word_1_3' title='bbox 1391 331 1896 382; x_wconf 70' lang='lat' dir='ltr'><strong>nnnmsnnnn</strong></span> 
     </span>
    </p>
   </div>
   <div class='ocr_carea' id='block_1_2' title="bbox 433 473 2739 3737">
    <p class='ocr_par' dir='ltr' id='par_1_2' title="bbox 433 473 2739 3737">
     <span class='ocr_line' id='line_1_2' title="bbox 489 473 2739 558; baseline -0.001 -22"><span class='ocrx_word' id='word_1_4' title='bbox 489 476 806 558; x_wconf 85' lang='lat' dir='ltr'><strong>diligenter</strong></span> <span class='ocrx_word' id='word_1_5' title='bbox 852 478 1004 539; x_wconf 89' lang='lat' dir='ltr'><strong>inter</strong></span> <span class='ocrx_word' id='word_1_6' title='bbox 1041 495 1106 537; x_wconf 85' lang='lat' dir='ltr'><strong>se</strong></span> <span class='ocrx_word' id='word_1_7' title='bbox 1143 475 1475 557; x_wconf 84' lang='lat' dir='ltr'><strong>composita</strong></span> <span class='ocrx_word' id='word_1_8' title='bbox 1515 473 1781 555; x_wconf 85' lang='lat' dir='ltr'><strong>proxime</strong></span> <span class='ocrx_word' id='word_1_9' title='bbox 1830 473 1909 532; x_wconf 82' lang='lat' dir='ltr'><strong>ad</strong></span> <span class='ocrx_word' id='word_1_10' title='bbox 1958 491 2153 535; x_wconf 87' lang='lat' dir='ltr'><strong>rerum</strong></span> <span class='ocrx_word' id='word_1_11' title='bbox 2188 483 2491 554; x_wconf 73' lang='lat' dir='ltr'><strong>gestarum</strong></span> <span class='ocrx_word' id='word_1_12' title='bbox 2524 475 2739 534; x_wconf 84' lang='lat' dir='ltr'><strong>fidem</strong></span> 
     </span>
     <span class='ocr_line' id='line_1_3' title="bbox 489 563 2739 648; baseline -0.003 -14"><span class='ocrx_word' id='word_1_13' title='bbox 489 574 847 644; x_wconf 76' lang='lat' dir='ltr'><strong>videbantur</strong></span> <span class='ocrx_word' id='word_1_14' title='bbox 901 572 1210 634; x_wconf 83' lang='lat' dir='ltr'><strong>accedere.</strong></span> <span class='ocrx_word' id='word_1_15' title='bbox 1291 574 1352 632; x_wconf 83' lang='lat'><strong>6.</strong></span> <span class='ocrx_word' id='word_1_16' title='bbox 1411 569 1593 640; x_wconf 85' lang='lat' dir='ltr'><strong>Quod</strong></span> <span class='ocrx_word' id='word_1_17' title='bbox 1649 563 1827 630; x_wconf 82' lang='lat' dir='ltr'><strong>etiam</strong></span> <span class='ocrx_word' id='word_1_18' title='bbox 1886 581 2025 648; x_wconf 80' lang='lat' dir='ltr'><strong>post</strong></span> <span class='ocrx_word' id='word_1_19' title='bbox 2078 582 2320 631; x_wconf 71' lang='lat' dir='ltr'><strong>aetatem</strong></span> <span class='ocrx_word' id='word_1_20' title='bbox 2378 570 2739 631; x_wconf 79' lang='lat' dir='ltr'>Alexandri</span> 
     </span>
     <span class='ocr_line' id='line_1_4' title="bbox 492 666 2737 748; baseline -0.002 -18"><span class='ocrx_word' id='word_1_21' title='bbox 492 671 638 730; x_wconf 85' lang='lat' dir='ltr'><strong>alios</strong></span> <span class='ocrx_word' id='word_1_22' title='bbox 669 669 1014 730; x_wconf 78' lang='lat' dir='ltr'><strong>Grmcorum</strong></span> <span class='ocrx_word' id='word_1_23' title='bbox 1044 677 1283 729; x_wconf 85' lang='lat' dir='ltr'><strong>secutos</strong></span> <span class='ocrx_word' id='word_1_24' title='bbox 1327 667 1521 740; x_wconf 86' lang='lat' dir='ltr'><strong>video,</strong></span> <span class='ocrx_word' id='word_1_25' title='bbox 1566 667 1785 748; x_wconf 86' lang='lat' dir='ltr'><strong>quibus</strong></span> <span class='ocrx_word' id='word_1_26' title='bbox 1836 666 2039 746; x_wconf 88' lang='lat' dir='ltr'><strong>aliqua</strong></span> <span class='ocrx_word' id='word_1_27' title='bbox 2086 667 2209 728; x_wconf 78' lang='lat' dir='ltr'><strong>veri</strong></span> <span class='ocrx_word' id='word_1_28' title='bbox 2257 687 2399 728; x_wconf 88' lang='lat' dir='ltr'><strong>cura</strong></span> <span class='ocrx_word' id='word_1_29' title='bbox 2444 668 2611 735; x_wconf 77' lang='lat' dir='ltr'><strong>fuit3</strong></span> <span class='ocrx_word' id='word_1_30' title='bbox 2665 681 2737 726; x_wconf 91' lang='lat' dir='ltr'><strong>et</strong></span> 
     </span>
     <span class='ocr_line' id='line_1_5' title="bbox 493 763 2734 847; baseline -0.001 -22"><span class='ocrx_word' id='word_1_31' title='bbox 493 785 683 847; x_wconf 87' lang='lat' dir='ltr'><strong>nuper</strong></span> <span class='ocrx_word' id='word_1_32' title='bbox 709 786 786 828; x_wconf 88' lang='lat' dir='ltr'><strong>ex</strong></span> <span class='ocrx_word' id='word_1_33' title='bbox 811 765 1020 828; x_wconf 75' lang='lat' dir='ltr'><strong>Sicilia</strong></span> <span class='ocrx_word' id='word_1_34' title='bbox 1047 764 1401 826; x_wconf 85' lang='lat' dir='ltr'><strong>Diodorum.</strong></span> <span class='ocrx_word' id='word_1_35' title='bbox 1456 764 1643 824; x_wconf 88' lang='lat' dir='ltr'><strong>-Nam</strong></span> <span class='ocrx_word' id='word_1_36' title='bbox 1688 763 1793 844; x_wconf 88' lang='lat' dir='ltr'><strong>qui</strong></span> <span class='ocrx_word' id='word_1_37' title='bbox 1840 783 1915 824; x_wconf 87' lang='lat' dir='ltr'><strong>ex</strong></span> <span class='ocrx_word' id='word_1_38' title='bbox 1968 763 2256 824; x_wconf 83' lang='lat' dir='ltr'><strong>Romanis</strong></span> <span class='ocrx_word' id='word_1_39' title='bbox 2312 765 2581 825; x_wconf 85' lang='lat' dir='ltr'><strong>animum</strong></span> <span class='ocrx_word' id='word_1_40' title='bbox 2644 763 2734 823; x_wconf 87' lang='lat' dir='ltr'><strong>ad</strong></span> 
     </span>
     <span class='ocr_line' id='line_1_6' title="bbox 494 859 2733 943; baseline -0.001 -23"><span class='ocrx_word' id='word_1_41' title='bbox 494 862 821 924; x_wconf 75' lang='lat' dir='ltr'><strong>Historiam</strong></span> <span class='ocrx_word' id='word_1_42' title='bbox 847 861 1284 943; x_wconf 88' lang='lat' dir='ltr'><strong>applicuerunt,</strong></span> <span class='ocrx_word' id='word_1_43' title='bbox 1310 861 1352 922; x_wconf 90' lang='lat' dir='ltr'><strong>ii</strong></span> <span class='ocrx_word' id='word_1_44' title='bbox 1378 861 1588 943; x_wconf 86' lang='lat' dir='ltr'><strong>patriis</strong></span> <span class='ocrx_word' id='word_1_45' title='bbox 1618 860 1795 921; x_wconf 83' lang='lat' dir='ltr'><strong>rebus</strong></span> <span class='ocrx_word' id='word_1_46' title='bbox 1823 859 2112 933; x_wconf 88' lang='lat' dir='ltr'><strong>contenti,</strong></span> <span class='ocrx_word' id='word_1_47' title='bbox 2139 871 2387 920; x_wconf 84' lang='lat' dir='ltr'><strong>externa</strong></span> <span class='ocrx_word' id='word_1_48' title='bbox 2402 860 2733 940; x_wconf 84' lang='lat' dir='ltr'><strong>neglectui</strong></span> 
     </span>
     <span class='ocr_line' id='line_1_7' title="bbox 489 955 2731 1038; baseline -0.001 -20"><span class='ocrx_word' id='word_1_49' title='bbox 489 959 788 1022; x_wconf 78' lang='lat' dir='ltr'><strong>habuere:</strong></span> <span class='ocrx_word' id='word_1_50' title='bbox 827 959 970 1038; x_wconf 85' lang='lat' dir='ltr'><strong>quia</strong></span> <span class='ocrx_word' id='word_1_51' title='bbox 995 956 1233 1020; x_wconf 79' lang='lat' dir='ltr'><strong>victoris</strong></span> <span class='ocrx_word' id='word_1_52' title='bbox 1261 957 1465 1038; x_wconf 87' lang='lat' dir='ltr'><strong>populi</strong></span> <span class='ocrx_word' id='word_1_53' title='bbox 1494 965 1667 1038; x_wconf 81' lang='lat' dir='ltr'><strong>gesta</strong></span> <span class='ocrx_word' id='word_1_54' title='bbox 1692 956 2190 1038; x_wconf 78' lang='lat' dir='ltr'><strong>componentibus</strong></span> <span class='ocrx_word' id='word_1_55' title='bbox 2204 975 2399 1036; x_wconf 90' lang='lat' dir='ltr'><strong>neque</strong></span> <span class='ocrx_word' id='word_1_56' title='bbox 2420 955 2731 1036; x_wconf 81' lang='lat' dir='ltr'><strong>majestas</strong></span> 
     </span>
     <span class='ocr_line' id='line_1_8' title="bbox 489 1049 2731 1136; baseline -0.001 -20"><span class='ocrx_word' id='word_1_57' title='bbox 489 1069 684 1116; x_wconf 88' lang='lat' dir='ltr'><strong>rerum</strong></span> <span class='ocrx_word' id='word_1_58' title='bbox 719 1055 964 1125; x_wconf 85' lang='lat' dir='ltr'><strong>deerat;</strong></span> <span class='ocrx_word' id='word_1_59' title='bbox 1007 1064 1069 1115; x_wconf 91' lang='lat' dir='ltr'><strong>et</strong></span> <span class='ocrx_word' id='word_1_60' title='bbox 1094 1054 1232 1136; x_wconf 84' lang='lat' dir='ltr'><strong>plus</strong></span> <span class='ocrx_word' id='word_1_61' title='bbox 1259 1053 1533 1116; x_wconf 76' lang='lat' dir='ltr'><strong>utilitatis</strong></span> <span class='ocrx_word' id='word_1_62' title='bbox 1566 1053 1823 1114; x_wconf 85' lang='lat' dir='ltr'><strong>allatura</strong></span> <span class='ocrx_word' id='word_1_63' title='bbox 1847 1050 2198 1114; x_wconf 82' lang='lat' dir='ltr'><strong>videbantur</strong></span> <span class='ocrx_word' id='word_1_64' title='bbox 2239 1053 2301 1113; x_wconf 88' lang='lat' dir='ltr'><strong>in</strong></span> <span class='ocrx_word' id='word_1_65' title='bbox 2348 1049 2567 1114; x_wconf 85' lang='lat' dir='ltr'><strong>eadem</strong></span> <span class='ocrx_word' id='word_1_66' title='bbox 2622 1073 2731 1113; x_wconf 89' lang='lat' dir='ltr'><strong>re-</strong></span> 
     </span>
     <span class='ocr_line' id='line_1_9' title="bbox 492 1147 2729 1231; baseline 0 -21"><span class='ocrx_word' id='word_1_67' title='bbox 492 1150 732 1230; x_wconf 78' lang='lat' dir='ltr'><strong>publica</strong></span> <span class='ocrx_word' id='word_1_68' title='bbox 758 1149 1139 1231; x_wconf 73' lang='lat' dir='ltr'><strong>degentibus.</strong></span> <span class='ocrx_word' id='word_1_69' title='bbox 1220 1152 1280 1212; x_wconf 83' lang='grc'><strong>’7.</strong></span> <span class='ocrx_word' id='word_1_70' title='bbox 1323 1149 1591 1218; x_wconf 85' lang='lat' dir='ltr'><strong>Quorum</strong></span> <span class='ocrx_word' id='word_1_71' title='bbox 1632 1148 1897 1211; x_wconf 86' lang='lat' dir='ltr'><strong>studium</strong></span> <span class='ocrx_word' id='word_1_72' title='bbox 1943 1160 2014 1208; x_wconf 91' lang='lat' dir='ltr'><strong>ut</strong></span> <span class='ocrx_word' id='word_1_73' title='bbox 2056 1147 2237 1210; x_wconf 89' lang='lat' dir='ltr'><strong>laude</strong></span> <span class='ocrx_word' id='word_1_74' title='bbox 2284 1148 2729 1230; x_wconf 78' lang='lat' dir='ltr'><strong>dignissimum</strong></span> 
     </span>
     <span class='ocr_line' id='line_1_10' title="bbox 489 1244 2727 1326; baseline 0 -20"><span class='ocrx_word' id='word_1_75' title='bbox 489 1247 764 1320; x_wconf 81' lang='lat' dir='ltr'><strong>arbitror,</strong></span> <span class='ocrx_word' id='word_1_76' title='bbox 792 1246 878 1307; x_wconf 83' lang='lat' dir='ltr'><strong>sie</strong></span> <span class='ocrx_word' id='word_1_77' title='bbox 906 1256 1074 1308; x_wconf 88' lang='lat' dir='ltr'><strong>extra</strong></span> <span class='ocrx_word' id='word_1_78' title='bbox 1119 1245 1640 1326; x_wconf 78' lang='lat' dir='ltr'><strong>reprehensionem</strong></span> <span class='ocrx_word' id='word_1_79' title='bbox 1683 1247 1809 1306; x_wconf 77' lang='lat' dir='ltr'><strong>fore</strong></span> <span class='ocrx_word' id='word_1_80' title='bbox 1846 1244 2108 1318; x_wconf 82' lang='lat' dir='ltr'><strong>confido,</strong></span> <span class='ocrx_word' id='word_1_81' title='bbox 2158 1245 2210 1306; x_wconf 84' lang='lat' dir='ltr'><strong>si</strong></span> <span class='ocrx_word' id='word_1_82' title='bbox 2260 1247 2478 1307; x_wconf 85' lang='lat' dir='ltr'><strong>nostris</strong></span> <span class='ocrx_word' id='word_1_83' title='bbox 2524 1248 2727 1308; x_wconf 86' lang='lat' dir='ltr'><strong>etiam</strong></span> 
     </span>
     <span class='ocr_line' id='line_1_11' title="bbox 491 1340 2721 1422; baseline 0.001 -20"><span class='ocrx_word' id='word_1_84' title='bbox 491 1343 827 1402; x_wconf 82' lang='lat' dir='ltr'><strong>hominibus</strong></span> <span class='ocrx_word' id='word_1_85' title='bbox 855 1340 1171 1402; x_wconf 87' lang='lat' dir='ltr'><strong>ostendam</strong></span> <span class='ocrx_word' id='word_1_86' title='bbox 1213 1361 1352 1404; x_wconf 87' lang='lat' dir='ltr'><strong>eum</strong></span> <span class='ocrx_word' id='word_1_87' title='bbox 1395 1361 1621 1422; x_wconf 81' lang='lat' dir='ltr'><strong>reg-em,</strong></span> <span class='ocrx_word' id='word_1_88' title='bbox 1670 1341 1775 1422; x_wconf 89' lang='lat' dir='ltr'><strong>qui</strong></span> <span class='ocrx_word' id='word_1_89' title='bbox 1825 1361 1981 1402; x_wconf 89' lang='lat' dir='ltr'><strong>unus</strong></span> <span class='ocrx_word' id='word_1_90' title='bbox 2032 1342 2291 1401; x_wconf 87' lang='lat' dir='ltr'><strong>omnium</strong></span> <span class='ocrx_word' id='word_1_91' title='bbox 2339 1343 2721 1416; x_wconf 81' lang='lat' dir='ltr'><strong>mortalium,</strong></span> 
     </span>
     <span class='ocr_line' id='line_1_12' title="bbox 491 1437 2722 1519; baseline 0.001 -21"><span class='ocrx_word' id='word_1_92' title='bbox 491 1438 647 1498; x_wconf 86' lang='lat' dir='ltr'><strong>intra</strong></span> <span class='ocrx_word' id='word_1_93' title='bbox 674 1439 1086 1499; x_wconf 80' lang='lat' dir='ltr'><strong>brevissimum</strong></span> <span class='ocrx_word' id='word_1_94' title='bbox 1103 1437 1216 1500; x_wconf 80' lang='lat' dir='ltr'><strong>oevi</strong></span> <span class='ocrx_word' id='word_1_95' title='bbox 1245 1439 1527 1519; x_wconf 83' lang='lat' dir='ltr'><strong>spatium,</strong></span> <span class='ocrx_word' id='word_1_96' title='bbox 1554 1437 1873 1519; x_wconf 85' lang='lat' dir='ltr'><strong>plurimum</strong></span> <span class='ocrx_word' id='word_1_97' title='bbox 1903 1446 2191 1501; x_wconf 85' lang='lat' dir='ltr'><strong>terrarum</strong></span> <span class='ocrx_word' id='word_1_98' title='bbox 2244 1439 2597 1518; x_wconf 80' lang='lat' dir='ltr'><strong>occupavit:</strong></span> <span class='ocrx_word' id='word_1_99' title='bbox 2654 1441 2722 1500; x_wconf 87' lang='grc'><strong>8.</strong></span> 
     </span>
     <span class='ocr_line' id='line_1_13' title="bbox 491 1524 2723 1614; baseline 0.001 -21"><span class='ocrx_word' id='word_1_100' title='bbox 491 1552 616 1612; x_wconf 89' lang='lat' dir='ltr'><strong>quo</strong></span> <span class='ocrx_word' id='word_1_101' title='bbox 664 1544 968 1613; x_wconf 81' lang='lat' dir='ltr'><strong>appareat,</strong></span> <span class='ocrx_word' id='word_1_102' title='bbox 1020 1551 1140 1594; x_wconf 89' lang='lat' dir='ltr'><strong>non</strong></span> <span class='ocrx_word' id='word_1_103' title='bbox 1189 1534 1342 1594; x_wconf 77' lang='lat' dir='ltr'><strong>forte</strong></span> <span class='ocrx_word' id='word_1_104' title='bbox 1383 1524 1581 1614; x_wconf 80' lang='lat' dir='ltr'><strong>neque</strong></span> <span class='ocrx_word' id='word_1_105' title='bbox 1624 1543 1845 1594; x_wconf 88' lang='lat' dir='ltr'><strong>temere</strong></span> <span class='ocrx_word' id='word_1_106' title='bbox 1893 1552 1989 1593; x_wconf 90' lang='lat' dir='ltr'><strong>res</strong></span> <span class='ocrx_word' id='word_1_107' title='bbox 2032 1533 2323 1594; x_wconf 83' lang='lat' dir='ltr'><strong>humanas</strong></span> <span class='ocrx_word' id='word_1_108' title='bbox 2376 1535 2550 1604; x_wconf 75' lang='lat' dir='ltr'><strong>ferri3</strong></span> <span class='ocrx_word' id='word_1_109' title='bbox 2600 1534 2723 1596; x_wconf 81' lang='lat' dir='ltr'><strong>sed</strong></span> 
     </span>
     <span class='ocr_line' id='line_1_14' title="bbox 491 1628 2724 1708; baseline 0.003 -22"><span class='ocrx_word' id='word_1_110' title='bbox 491 1628 838 1708; x_wconf 85' lang='lat' dir='ltr'><strong>plerumque</strong></span> <span class='ocrx_word' id='word_1_111' title='bbox 866 1629 1165 1690; x_wconf 77' lang='lat' dir='ltr'><strong>fortunam</strong></span> <span class='ocrx_word' id='word_1_112' title='bbox 1194 1648 1304 1708; x_wconf 88' lang='lat' dir='ltr'><strong>pro</strong></span> <span class='ocrx_word' id='word_1_113' title='bbox 1342 1629 1607 1692; x_wconf 85' lang='lat' dir='ltr'><strong>moribus</strong></span> <span class='ocrx_word' id='word_1_114' title='bbox 1631 1648 1649 1698; x_wconf 71' lang='grc' dir='ltr'>ς</span> <span class='ocrx_word' id='word_1_115' title='bbox 1695 1647 1893 1708; x_wconf 88' lang='lat' dir='ltr'><strong>neque</strong></span> <span class='ocrx_word' id='word_1_116' title='bbox 1919 1628 2259 1690; x_wconf 86' lang='lat' dir='ltr'><strong>diuturnam</strong></span> <span class='ocrx_word' id='word_1_117' title='bbox 2289 1649 2424 1692; x_wconf 86' lang='lat' dir='ltr'><strong>esse</strong></span> <span class='ocrx_word' id='word_1_118' title='bbox 2454 1631 2724 1694; x_wconf 81' lang='lat' dir='ltr'><strong>felicita-</strong></span> 
     </span>
     <span class='ocr_line' id='line_1_15' title="bbox 489 1724 2723 1806; baseline 0.001 -20"><span class='ocrx_word' id='word_1_119' title='bbox 489 1737 635 1797; x_wconf 82' lang='lat' dir='ltr'><strong>tem,</strong></span> <span class='ocrx_word' id='word_1_120' title='bbox 687 1745 824 1804; x_wconf 79' lang='lat' dir='ltr'><strong>quae</strong></span> <span class='ocrx_word' id='word_1_121' title='bbox 878 1725 1094 1786; x_wconf 83' lang='lat' dir='ltr'><strong>virtute</strong></span> <span class='ocrx_word' id='word_1_122' title='bbox 1150 1724 1529 1788; x_wconf 75' lang='lat' dir='ltr'><strong>destituatur.</strong></span> <span class='ocrx_word' id='word_1_123' title='bbox 1614 1727 1677 1788; x_wconf 84' lang='lat'><strong>9.</strong></span> <span class='ocrx_word' id='word_1_124' title='bbox 1736 1725 1927 1806; x_wconf 81' lang='lat' dir='ltr'><strong>Igitur</strong></span> <span class='ocrx_word' id='word_1_125' title='bbox 1966 1725 2373 1787; x_wconf 83' lang='lat' dir='ltr'><strong>Alexandrum</strong></span> <span class='ocrx_word' id='word_1_126' title='bbox 2428 1729 2723 1789; x_wconf 83' lang='lat' dir='ltr'><strong>omnibus</strong></span> 
     </span>
     <span class='ocr_line' id='line_1_16' title="bbox 493 1819 2725 1902; baseline 0.003 -24"><span class='ocrx_word' id='word_1_127' title='bbox 493 1820 718 1900; x_wconf 83' lang='lat' dir='ltr'><strong>ingenii</strong></span> <span class='ocrx_word' id='word_1_128' title='bbox 773 1821 1144 1899; x_wconf 75' lang='lat' dir='ltr'><strong>fortunaeque</strong></span> <span class='ocrx_word' id='word_1_129' title='bbox 1188 1819 1433 1880; x_wconf 84' lang='lat' dir='ltr'><strong>dotibus</strong></span> <span class='ocrx_word' id='word_1_130' title='bbox 1482 1821 1722 1884; x_wconf 86' lang='lat' dir='ltr'><strong>abunde</strong></span> <span class='ocrx_word' id='word_1_131' title='bbox 1774 1831 2014 1882; x_wconf 85' lang='lat' dir='ltr'><strong>auctum</strong></span> <span class='ocrx_word' id='word_1_132' title='bbox 2068 1834 2461 1902; x_wconf 88' lang='lat' dir='ltr'><strong>ornatumque</strong></span> <span class='ocrx_word' id='word_1_133' title='bbox 2516 1823 2725 1886; x_wconf 78' lang='lat' dir='ltr'><strong>fuisse</strong></span> 
     </span>
     <span class='ocr_line' id='line_1_17' title="bbox 491 1912 2721 1996; baseline 0.002 -21"><span class='ocrx_word' id='word_1_134' title='bbox 491 1915 814 1994; x_wconf 85' lang='lat' dir='ltr'><strong>comperio,</strong></span> <span class='ocrx_word' id='word_1_135' title='bbox 839 1915 1058 1994; x_wconf 85' lang='lat' dir='ltr'><strong>quibus</strong></span> <span class='ocrx_word' id='word_1_136' title='bbox 1087 1912 1332 1976; x_wconf 78' lang='lat' dir='ltr'><strong>fatalem</strong></span> <span class='ocrx_word' id='word_1_137' title='bbox 1357 1925 1547 1976; x_wconf 69' lang='lat' dir='ltr'><strong>tantm</strong></span> <span class='ocrx_word' id='word_1_138' title='bbox 1574 1916 1861 1996; x_wconf 81' lang='lat' dir='ltr'><strong>potentiae</strong></span> <span class='ocrx_word' id='word_1_139' title='bbox 1890 1916 2078 1977; x_wconf 81' lang='lat' dir='ltr'><strong>virum</strong></span> <span class='ocrx_word' id='word_1_140' title='bbox 2117 1920 2430 1996; x_wconf 85' lang='lat' dir='ltr'><strong>oportebat</strong></span> <span class='ocrx_word' id='word_1_141' title='bbox 2470 1919 2721 1981; x_wconf 86' lang='lat' dir='ltr'><strong>instrui.</strong></span> 
     </span>
     <span class='ocr_line' id='line_1_18' title="bbox 493 2010 2721 2095; baseline 0.003 -25"><span class='ocrx_word' id='word_1_142' title='bbox 493 2011 800 2072; x_wconf 83' lang='lat' dir='ltr'><strong>Genus&#39;ab</strong></span> <span class='ocrx_word' id='word_1_143' title='bbox 833 2010 1090 2072; x_wconf 85' lang='lat' dir='ltr'><strong>Hercule</strong></span> <span class='ocrx_word' id='word_1_144' title='bbox 1118 2014 1469 2092; x_wconf 85' lang='lat' dir='ltr'><strong>repetebant</strong></span> <span class='ocrx_word' id='word_1_145' title='bbox 1495 2012 1900 2073; x_wconf 88' lang='lat' dir='ltr'><strong>Macedonum</strong></span> <span class='ocrx_word' id='word_1_146' title='bbox 1928 2031 2103 2092; x_wconf 82' lang='lat' dir='ltr'><strong>reges</strong></span> <span class='ocrx_word' id='word_1_147' title='bbox 2117 2027 2163 2082; x_wconf 78' lang='lat'><strong>3⁴¹</strong></span> <span class='ocrx_word' id='word_1_148' title='bbox 2186 2013 2503 2095; x_wconf 84' lang='lat' dir='ltr'><strong>Olympias</strong></span> <span class='ocrx_word' id='word_1_149' title='bbox 2522 2016 2721 2076; x_wconf 81' lang='lat' dir='ltr'><strong>Alex-</strong></span> 
     </span>
     <span class='ocr_line' id='line_1_19' title="bbox 495 2105 2719 2186; baseline 0.002 -20"><span class='ocrx_word' id='word_1_150' title='bbox 495 2106 666 2166; x_wconf 86' lang='lat' dir='ltr'><strong>andri</strong></span> <span class='ocrx_word' id='word_1_151' title='bbox 694 2119 882 2168; x_wconf 86' lang='lat' dir='ltr'><strong>mater</strong></span> <span class='ocrx_word' id='word_1_152' title='bbox 909 2106 1080 2167; x_wconf 86' lang='lat' dir='ltr'><strong>initia</strong></span> <span class='ocrx_word' id='word_1_153' title='bbox 1121 2125 1249 2167; x_wconf 75' lang='lat' dir='ltr'><strong>suae</strong></span> <span class='ocrx_word' id='word_1_154' title='bbox 1287 2105 1485 2186; x_wconf 86' lang='lat' dir='ltr'><strong>gentis</strong></span> <span class='ocrx_word' id='word_1_155' title='bbox 1531 2106 1608 2167; x_wconf 89' lang='lat' dir='ltr'><strong>ad</strong></span> <span class='ocrx_word' id='word_1_156' title='bbox 1649 2105 1941 2167; x_wconf 87' lang='lat' dir='ltr'><strong>Achillem</strong></span> <span class='ocrx_word' id='word_1_157' title='bbox 1968 2107 2275 2168; x_wconf 82' lang='lat' dir='ltr'><strong>referebat.</strong></span> <span class='ocrx_word' id='word_1_158' title='bbox 2369 2111 2463 2170; x_wconf 92' lang='grc'><strong>10.</strong></span> <span class='ocrx_word' id='word_1_159' title='bbox 2510 2108 2719 2173; x_wconf 86' lang='lat' dir='ltr'><strong>Puero</strong></span> 
     </span>
     <span class='ocr_line' id='line_1_20' title="bbox 493 2202 2720 2284; baseline 0 -22"><span class='ocrx_word' id='word_1_160' title='bbox 493 2223 690 2284; x_wconf 86' lang='lat' dir='ltr'><strong>neque</strong></span> <span class='ocrx_word' id='word_1_161' title='bbox 723 2203 1110 2264; x_wconf 87' lang='lat' dir='ltr'><strong>incitamenta</strong></span> <span class='ocrx_word' id='word_1_162' title='bbox 1135 2202 1528 2282; x_wconf 88' lang='lat' dir='ltr'><strong>exemplaque</strong></span> <span class='ocrx_word' id='word_1_163' title='bbox 1556 2203 1781 2282; x_wconf 77' lang='lat' dir='ltr'><strong>glorioe‚</strong></span> <span class='ocrx_word' id='word_1_164' title='bbox 1810 2221 2003 2282; x_wconf 89' lang='lat' dir='ltr'><strong>neque</strong></span> <span class='ocrx_word' id='word_1_165' title='bbox 2032 2202 2263 2264; x_wconf 82' lang='lat' dir='ltr'><strong>virtutis</strong></span> <span class='ocrx_word' id='word_1_166' title='bbox 2291 2205 2580 2284; x_wconf 82' lang='lat' dir='ltr'><strong>magister</strong></span> <span class='ocrx_word' id='word_1_167' title='bbox 2610 2215 2720 2268; x_wconf 88' lang='lat' dir='ltr'><strong>aut</strong></span> 
     </span>
     <span class='ocr_line' id='line_1_21' title="bbox 493 2298 2723 2381; baseline -0.002 -16"><span class='ocrx_word' id='word_1_168' title='bbox 493 2300 837 2365; x_wconf 79' lang='lat' dir='ltr'><strong>exercitatio</strong></span> <span class='ocrx_word' id='word_1_169' title='bbox 878 2298 1161 2365; x_wconf 84' lang='lat' dir='ltr'><strong>deerant:</strong></span> <span class='ocrx_word' id='word_1_170' title='bbox 1203 2299 1424 2379; x_wconf 88' lang='lat' dir='ltr'><strong>quippe</strong></span> <span class='ocrx_word' id='word_1_171' title='bbox 1479 2298 1794 2381; x_wconf 81' lang='lat' dir='ltr'><strong>Philippus</strong></span> <span class='ocrx_word' id='word_1_172' title='bbox 1842 2309 2011 2381; x_wconf 87' lang='lat' dir='ltr'><strong>pater</strong></span> <span class='ocrx_word' id='word_1_173' title='bbox 2036 2300 2335 2366; x_wconf 81' lang='lat' dir='ltr'><strong>continuis</strong></span> <span class='ocrx_word' id='word_1_174' title='bbox 2363 2301 2537 2362; x_wconf 89' lang='lat' dir='ltr'><strong>bellis</strong></span> <span class='ocrx_word' id='word_1_175' title='bbox 2568 2321 2723 2364; x_wconf 83' lang='lat' dir='ltr'><strong>con-</strong></span> 
     </span>
     <span class='ocr_line' id='line_1_22' title="bbox 491 2394 2714 2477; baseline -0.002 -13"><span class='ocrx_word' id='word_1_176' title='bbox 491 2408 736 2464; x_wconf 65' lang='lat' dir='ltr'><strong>tamtam</strong></span> <span class='ocrx_word' id='word_1_177' title='bbox 765 2408 904 2459; x_wconf 85' lang='lat' dir='ltr'><strong>ante</strong></span> <span class='ocrx_word' id='word_1_178' title='bbox 931 2394 1334 2463; x_wconf 83' lang='lat' dir='ltr'><strong>Macedonum</strong></span> <span class='ocrx_word' id='word_1_179' title='bbox 1383 2406 1627 2477; x_wconf 84' lang='lat' dir='ltr'><strong>gentem</strong></span> <span class='ocrx_word' id='word_1_180' title='bbox 1662 2397 1895 2471; x_wconf 86' lang='lat' dir='ltr'><strong>extulit,</strong></span> <span class='ocrx_word' id='word_1_181' title='bbox 1918 2408 2011 2458; x_wconf 67' lang='lat' dir='ltr'><strong>›et</strong></span> <span class='ocrx_word' id='word_1_182' title='bbox 2060 2409 2275 2463; x_wconf 80' lang='lat' dir='ltr'><strong>coacta</strong></span> <span class='ocrx_word' id='word_1_183' title='bbox 2322 2398 2381 2458; x_wconf 86' lang='lat' dir='ltr'><strong>in</strong></span> <span class='ocrx_word' id='word_1_184' title='bbox 2413 2398 2714 2461; x_wconf 84' lang='lat' dir='ltr'><strong>-ordinem</strong></span> 
     </span>
     <span class='ocr_line' id='line_1_23' title="bbox 458 2491 2723 2577; baseline 0.001 -24"><span class='ocrx_word' id='word_1_185' title='bbox 458 2507 464 2516; x_wconf 92' lang='grc'><em>·</em></span> <span class='ocrx_word' id='word_1_186' title='bbox 495 2494 752 2566; x_wconf 76' lang='lat' dir='ltr'><strong>Groecia,</strong></span> <span class='ocrx_word' id='word_1_187' title='bbox 780 2493 1012 2557; x_wconf 89' lang='lat' dir='ltr'><strong>cunctis</strong></span> <span class='ocrx_word' id='word_1_188' title='bbox 1041 2491 1466 2557; x_wconf 83' lang='lat' dir='ltr'><strong>formidabilem</strong></span> <span class='ocrx_word' id='word_1_189' title='bbox 1496 2492 1660 2557; x_wconf 81' lang='lat' dir='ltr'><strong>fecit.</strong></span> <span class='ocrx_word' id='word_1_190' title='bbox 1743 2496 1836 2555; x_wconf 92' lang='lat'><strong>11.</strong></span> <span class='ocrx_word' id='word_1_191' title='bbox 1881 2492 2158 2575; x_wconf 88' lang='lat' dir='ltr'><strong>Denique</strong></span> <span class='ocrx_word' id='word_1_192' title='bbox 2187 2513 2308 2555; x_wconf 90' lang='lat' dir='ltr'><strong>non</strong></span> <span class='ocrx_word' id='word_1_193' title='bbox 2339 2494 2535 2556; x_wconf 90' lang='lat' dir='ltr'><strong>solum</strong></span> <span class='ocrx_word' id='word_1_194' title='bbox 2564 2515 2723 2577; x_wconf 88' lang='lat' dir='ltr'><strong>ope-</strong></span> 
     </span>
     <span class='ocr_line' id='line_1_24' title="bbox 491 2590 2714 2672; baseline 0.002 -23"><span class='ocrx_word' id='word_1_195' title='bbox 491 2608 620 2649; x_wconf 87' lang='lat' dir='ltr'><strong>rum</strong></span> <span class='ocrx_word' id='word_1_196' title='bbox 647 2599 787 2669; x_wconf 85' lang='lat' dir='ltr'><strong>post</strong></span> <span class='ocrx_word' id='word_1_197' title='bbox 812 2607 880 2649; x_wconf 88' lang='lat' dir='ltr'><strong>se</strong></span> <span class='ocrx_word' id='word_1_198' title='bbox 907 2598 1209 2669; x_wconf 78' lang='lat' dir='ltr'><strong>gestorum</strong></span> <span class='ocrx_word' id='word_1_199' title='bbox 1237 2590 1629 2653; x_wconf 81' lang='lat' dir='ltr'><strong>fundamenta</strong></span> <span class='ocrx_word' id='word_1_200' title='bbox 1668 2590 1901 2672; x_wconf 76' lang='lat' dir='ltr'><strong>posuit:</strong></span> <span class='ocrx_word' id='word_1_201' title='bbox 1942 2594 2149 2651; x_wconf 52' lang='lat' dir='ltr'><strong>uerum</strong></span> <span class='ocrx_word' id='word_1_202' title='bbox 2198 2592 2380 2653; x_wconf 88' lang='lat' dir='ltr'><strong>etiam</strong></span> <span class='ocrx_word' id='word_1_203' title='bbox 2429 2610 2567 2653; x_wconf 88' lang='lat' dir='ltr'><strong>cum</strong></span> <span class='ocrx_word' id='word_1_204' title='bbox 2602 2592 2714 2653; x_wconf 91' lang='lat' dir='ltr'><strong>de-</strong></span> 
     </span>
     <span class='ocr_line' id='line_1_25' title="bbox 481 2684 2715 2762; baseline 0 -15"><span class='ocrx_word' id='word_1_205' title='bbox 481 2684 752 2761; x_wconf 71' lang='lat' dir='ltr'><strong>cederet,</strong></span> <span class='ocrx_word' id='word_1_206' title='bbox 796 2684 1039 2747; x_wconf 84' lang='lat' dir='ltr'><strong>Persico</strong></span> <span class='ocrx_word' id='word_1_207' title='bbox 1085 2684 1262 2749; x_wconf 77' lang='lat' dir='ltr'><strong>bello</strong></span> <span class='ocrx_word' id='word_1_208' title='bbox 1293 2686 1581 2761; x_wconf 85' lang='lat' dir='ltr'><strong>intentus,</strong></span> <span class='ocrx_word' id='word_1_209' title='bbox 1630 2684 1905 2748; x_wconf 88' lang='lat' dir='ltr'><strong>delectus</strong></span> <span class='ocrx_word' id='word_1_210' title='bbox 1952 2685 2263 2762; x_wconf 85' lang='lat' dir='ltr'><strong>habuerat,</strong></span> <span class='ocrx_word' id='word_1_211' title='bbox 2318 2699 2715 2757; x_wconf 83' lang='lat' dir='ltr'><strong>commeatus,</strong></span> 
     </span>
     <span class='ocr_line' id='line_1_26' title="bbox 492 2782 2710 2865; baseline 0.001 -22"><span class='ocrx_word' id='word_1_212' title='bbox 492 2782 828 2863; x_wconf 85' lang='lat' dir='ltr'><strong>pecuniam,</strong></span> <span class='ocrx_word' id='word_1_213' title='bbox 856 2782 1178 2843; x_wconf 83' lang='lat' dir='ltr'><strong>exercitum</strong></span> <span class='ocrx_word' id='word_1_214' title='bbox 1201 2793 1547 2861; x_wconf 70' lang='lat' dir='ltr'><strong>paraveratz</strong></span> <span class='ocrx_word' id='word_1_215' title='bbox 1590 2794 1653 2845; x_wconf 89' lang='lat' dir='ltr'><strong>et</strong></span> <span class='ocrx_word' id='word_1_216' title='bbox 1677 2783 2088 2845; x_wconf 84' lang='lat' dir='ltr'><strong>Parmenionis</strong></span> <span class='ocrx_word' id='word_1_217' title='bbox 2130 2803 2311 2865; x_wconf 90' lang='lat' dir='ltr'><strong>opera</strong></span> <span class='ocrx_word' id='word_1_218' title='bbox 2332 2782 2466 2863; x_wconf 81' lang='lat' dir='ltr'><strong>jam</strong></span> <span class='ocrx_word' id='word_1_219' title='bbox 2492 2784 2710 2845; x_wconf 86' lang='lat' dir='ltr'><strong>Asiam</strong></span> 
     </span>
     <span class='ocr_line' id='line_1_27' title="bbox 496 2877 2711 2965; baseline 0.001 -28"><span class='ocrx_word' id='word_1_220' title='bbox 496 2888 855 2959; x_wconf 53' lang='lat' dir='ltr'><strong>aperueram·</strong></span> <span class='ocrx_word' id='word_1_221' title='bbox 939 2880 1036 2939; x_wconf 80' lang='lat'><strong>12.</strong></span> <span class='ocrx_word' id='word_1_222' title='bbox 1078 2877 1198 2939; x_wconf 89' lang='lat' dir='ltr'><strong>Sed</strong></span> <span class='ocrx_word' id='word_1_223' title='bbox 1225 2880 1286 2939; x_wconf 89' lang='lat' dir='ltr'><strong>in</strong></span> <span class='ocrx_word' id='word_1_224' title='bbox 1314 2898 1388 2939; x_wconf 90' lang='lat' dir='ltr'><strong>eo</strong></span> <span class='ocrx_word' id='word_1_225' title='bbox 1415 2898 1610 2944; x_wconf 87' lang='lat' dir='ltr'><strong>rerum</strong></span> <span class='ocrx_word' id='word_1_226' title='bbox 1639 2888 1940 2941; x_wconf 85' lang='lat' dir='ltr'><strong>momento</strong></span> <span class='ocrx_word' id='word_1_227' title='bbox 1990 2877 2323 2965; x_wconf 76' lang='lat' dir='ltr'><strong>subductus</strong></span> <span class='ocrx_word' id='word_1_228' title='bbox 2368 2891 2486 2952; x_wconf 89' lang='lat' dir='ltr'><strong>est,</strong></span> <span class='ocrx_word' id='word_1_229' title='bbox 2532 2891 2607 2939; x_wconf 88' lang='lat' dir='ltr'><strong>ut</strong></span> <span class='ocrx_word' id='word_1_230' title='bbox 2648 2893 2711 2941; x_wconf 89' lang='lat' dir='ltr'><strong>et</strong></span> 
     </span>
     <span class='ocr_line' id='line_1_28' title="bbox 480 2972 2711 3065; baseline -0.002 -26"><span class='ocrx_word' id='word_1_231' title='bbox 480 2975 754 3039; x_wconf 82' lang='lat' dir='ltr'><strong>‚maxima</strong></span> <span class='ocrx_word' id='word_1_232' title='bbox 779 2972 1022 3052; x_wconf 82' lang='lat' dir='ltr'><strong>gerendi</strong></span> <span class='ocrx_word' id='word_1_233' title='bbox 1053 2973 1195 3035; x_wconf 90' lang='lat' dir='ltr'><strong>belli</strong></span> <span class='ocrx_word' id='word_1_234' title='bbox 1223 2974 1497 3037; x_wconf 86' lang='lat' dir='ltr'><strong>subsidia</strong></span> <span class='ocrx_word' id='word_1_235' title='bbox 1523 2976 1663 3049; x_wconf 83' lang='lat' dir='ltr'><strong>filio,</strong></span> <span class='ocrx_word' id='word_1_236' title='bbox 1692 2985 1757 3039; x_wconf 82' lang='lat' dir='ltr'><strong>et</strong></span> <span class='ocrx_word' id='word_1_237' title='bbox 1780 2972 2019 3065; x_wconf 78' lang='lat' dir='ltr'><strong>plenam</strong></span> <span class='ocrx_word' id='word_1_238' title='bbox 2050 2976 2207 3055; x_wconf 80' lang='lat' dir='ltr'><strong>gesti</strong></span> <span class='ocrx_word' id='word_1_239' title='bbox 2236 2976 2485 3055; x_wconf 82' lang='lat' dir='ltr'><strong>gloriam</strong></span> <span class='ocrx_word' id='word_1_240' title='bbox 2524 2976 2711 3039; x_wconf 89' lang='lat' dir='ltr'><strong>relin-</strong></span> 
     </span>
     <span class='ocr_line' id='line_1_29' title="bbox 497 3068 2712 3155; baseline -0.001 -21"><span class='ocrx_word' id='word_1_241' title='bbox 497 3080 746 3151; x_wconf 83' lang='lat' dir='ltr'><strong>queret:</strong></span> <span class='ocrx_word' id='word_1_242' title='bbox 789 3068 1333 3148; x_wconf 78' lang='lat' dir='ltr'><strong>quadamfortnnoe</strong></span> <span class='ocrx_word' id='word_1_243' title='bbox 1361 3070 1675 3141; x_wconf 80' lang='lat' dir='ltr'><strong>industria,</strong></span> <span class='ocrx_word' id='word_1_244' title='bbox 1702 3089 1881 3150; x_wconf 87' lang='lat' dir='ltr'><strong>quam</strong></span> <span class='ocrx_word' id='word_1_245' title='bbox 1910 3090 2069 3130; x_wconf 84' lang='lat' dir='ltr'><strong>unus</strong></span> <span class='ocrx_word' id='word_1_246' title='bbox 2090 3071 2198 3152; x_wconf 34' lang='lat' dir='ltr'><strong>hic·</strong></span> <span class='ocrx_word' id='word_1_247' title='bbox 2214 3080 2503 3155; x_wconf 83' lang='lat' dir='ltr'><strong>perpetuo</strong></span> <span class='ocrx_word' id='word_1_248' title='bbox 2530 3072 2712 3133; x_wconf 81' lang='lat' dir='ltr'><strong>obse·</strong></span> 
     </span>
     <span class='ocr_line' id='line_1_30' title="bbox 481 3158 2711 3249; baseline 0.001 -24"><span class='ocrx_word' id='word_1_249' title='bbox 481 3174 780 3249; x_wconf 66' lang='lat' dir='ltr'><strong>‚quentem</strong></span> <span class='ocrx_word' id='word_1_250' title='bbox 827 3163 940 3228; x_wconf 83' lang='lat' dir='ltr'><strong>sibi</strong></span> <span class='ocrx_word' id='word_1_251' title='bbox 981 3158 1234 3231; x_wconf 72' lang='lat' dir='ltr'><strong>babuit..r</strong></span> <span class='ocrx_word' id='word_1_252' title='bbox 1316 3166 1411 3229; x_wconf 82' lang='lat'><strong>13.</strong></span> <span class='ocrx_word' id='word_1_253' title='bbox 1476 3165 1665 3244; x_wconf 83' lang='lat' dir='ltr'><strong>Cujus</strong></span> <span class='ocrx_word' id='word_1_254' title='bbox 1694 3165 2087 3229; x_wconf 85' lang='lat' dir='ltr'><strong>admiratione</strong></span> <span class='ocrx_word' id='word_1_255' title='bbox 2112 3186 2233 3227; x_wconf 85' lang='lat' dir='ltr'><strong>non</strong></span> <span class='ocrx_word' id='word_1_256' title='bbox 2262 3158 2479 3247; x_wconf 78' lang='lat' dir='ltr'><strong>postea</strong></span> <span class='ocrx_word' id='word_1_257' title='bbox 2502 3167 2711 3239; x_wconf 83' lang='lat' dir='ltr'><strong>modo,</strong></span> 
     </span>
     <span class='ocr_line' id='line_1_31' title="bbox 499 3259 2712 3341; baseline 0 -18"><span class='ocrx_word' id='word_1_258' title='bbox 499 3261 605 3323; x_wconf 81' lang='lat' dir='ltr'><strong>sed</strong></span> <span class='ocrx_word' id='word_1_259' title='bbox 629 3260 826 3325; x_wconf 83' lang='lat' dir='ltr'><strong>statim</strong></span> <span class='ocrx_word' id='word_1_260' title='bbox 855 3262 932 3322; x_wconf 89' lang='lat' dir='ltr'><strong>ab</strong></span> <span class='ocrx_word' id='word_1_261' title='bbox 957 3259 1123 3325; x_wconf 80' lang='lat' dir='ltr'><strong>initio</strong></span> <span class='ocrx_word' id='word_1_262' title='bbox 1153 3260 1487 3325; x_wconf 86' lang='lat' dir='ltr'><strong>dubitatum</strong></span> <span class='ocrx_word' id='word_1_263' title='bbox 1510 3270 1625 3334; x_wconf 90' lang='lat' dir='ltr'><strong>est,</strong></span> <span class='ocrx_word' id='word_1_264' title='bbox 1652 3261 1950 3327; x_wconf 85' lang='lat' dir='ltr'><strong>rectiusne</strong></span> <span class='ocrx_word' id='word_1_265' title='bbox 1970 3261 2143 3334; x_wconf 81' lang='lat' dir='ltr'><strong>foret,</strong></span> <span class='ocrx_word' id='word_1_266' title='bbox 2162 3281 2281 3322; x_wconf 85' lang='lat' dir='ltr'><strong>non</strong></span> <span class='ocrx_word' id='word_1_267' title='bbox 2299 3282 2405 3341; x_wconf 89' lang='lat' dir='ltr'><strong>per</strong></span> <span class='ocrx_word' id='word_1_268' title='bbox 2426 3260 2712 3323; x_wconf 82' lang='lat' dir='ltr'><strong>AEacidas</strong></span> 
     </span>
     <span class='ocr_line' id='line_1_32' title="bbox 498 3356 2709 3439; baseline 0.001 -20"><span class='ocrx_word' id='word_1_269' title='bbox 498 3372 604 3423; x_wconf 89' lang='lat' dir='ltr'><strong>aut</strong></span> <span class='ocrx_word' id='word_1_270' title='bbox 649 3356 994 3431; x_wconf 85' lang='lat' dir='ltr'><strong>Herculem,</strong></span> <span class='ocrx_word' id='word_1_271' title='bbox 1042 3356 1152 3417; x_wconf 87' lang='lat' dir='ltr'><strong>sed</strong></span> <span class='ocrx_word' id='word_1_272' title='bbox 1201 3359 1277 3417; x_wconf 86' lang='lat' dir='ltr'><strong>ab</strong></span> <span class='ocrx_word' id='word_1_273' title='bbox 1321 3358 1455 3439; x_wconf 82' lang='lat' dir='ltr'><strong>ipso</strong></span> <span class='ocrx_word' id='word_1_274' title='bbox 1498 3357 1766 3439; x_wconf 82' lang='lat' dir='ltr'><strong>protinus</strong></span> <span class='ocrx_word' id='word_1_275' title='bbox 1810 3357 1983 3429; x_wconf 78' lang='lat' dir='ltr'><strong>Jove,</strong></span> <span class='ocrx_word' id='word_1_276' title='bbox 2027 3368 2195 3419; x_wconf 86' lang='lat' dir='ltr'><strong>tanto</strong></span> <span class='ocrx_word' id='word_1_277' title='bbox 2232 3358 2455 3419; x_wconf 86' lang='lat' dir='ltr'><strong>homini</strong></span> <span class='ocrx_word' id='word_1_278' title='bbox 2484 3358 2709 3421; x_wconf 73' lang='lat' dir='ltr'><strong>divinae</strong></span> 
     </span>
     <span class='ocr_line' id='line_1_33' title="bbox 497 3452 2706 3536; baseline -0.001 -19"><span class='ocrx_word' id='word_1_279' title='bbox 497 3456 697 3535; x_wconf 79' lang='lat' dir='ltr'><strong>stirpis</strong></span> <span class='ocrx_word' id='word_1_280' title='bbox 751 3454 1037 3534; x_wconf 82' lang='lat' dir='ltr'><strong>originem</strong></span> <span class='ocrx_word' id='word_1_281' title='bbox 1089 3472 1374 3521; x_wconf 84' lang='lat' dir='ltr'><strong>asserere.</strong></span> <span class='ocrx_word' id='word_1_282' title='bbox 1466 3456 1563 3519; x_wconf 79' lang='lat'><strong>14.</strong></span> <span class='ocrx_word' id='word_1_283' title='bbox 1620 3454 1759 3534; x_wconf 85' lang='lat' dir='ltr'><strong>Ipse</strong></span> <span class='ocrx_word' id='word_1_284' title='bbox 1807 3452 2073 3536; x_wconf 87' lang='lat' dir='ltr'><strong>quidem,</strong></span> <span class='ocrx_word' id='word_1_285' title='bbox 2121 3473 2258 3515; x_wconf 88' lang='lat' dir='ltr'><strong>cum</strong></span> <span class='ocrx_word' id='word_1_286' title='bbox 2306 3454 2706 3517; x_wconf 81' lang='lat' dir='ltr'><strong>Hammonem</strong></span> 
     </span>
     <span class='ocr_line' id='line_1_34' title="bbox 497 3550 2709 3633; baseline -0.002 -16"><span class='ocrx_word' id='word_1_287' title='bbox 497 3552 780 3633; x_wconf 80' lang='lat' dir='ltr'><strong>Lybicum</strong></span> <span class='ocrx_word' id='word_1_288' title='bbox 807 3550 1020 3623; x_wconf 87' lang='lat' dir='ltr'><strong>adiret,</strong></span> <span class='ocrx_word' id='word_1_289' title='bbox 1061 3551 1190 3631; x_wconf 84' lang='lat' dir='ltr'><strong>ejus</strong></span> <span class='ocrx_word' id='word_1_290' title='bbox 1220 3552 1405 3617; x_wconf 86' lang='lat' dir='ltr'><strong>filium</strong></span> <span class='ocrx_word' id='word_1_291' title='bbox 1434 3570 1499 3612; x_wconf 87' lang='lat' dir='ltr'><strong>se</strong></span> <span class='ocrx_word' id='word_1_292' title='bbox 1527 3550 1813 3631; x_wconf 85' lang='lat' dir='ltr'><strong>appellari</strong></span> <span class='ocrx_word' id='word_1_293' title='bbox 1840 3550 2049 3625; x_wconf 82' lang='lat' dir='ltr'><strong>voluit,</strong></span> <span class='ocrx_word' id='word_1_294' title='bbox 2090 3560 2161 3611; x_wconf 88' lang='lat' dir='ltr'><strong>ut</strong></span> <span class='ocrx_word' id='word_1_295' title='bbox 2205 3560 2417 3631; x_wconf 84' lang='lat' dir='ltr'><strong>postea</strong></span> <span class='ocrx_word' id='word_1_296' title='bbox 2435 3561 2462 3600; x_wconf 77' lang='lat'>⁸</span> <span class='ocrx_word' id='word_1_297' title='bbox 2504 3551 2709 3629; x_wconf 73' lang='lat' dir='ltr'><strong>trade·</strong></span> 
     </span>
     <span class='ocr_line' id='line_1_35' title="bbox 433 3646 2706 3737; baseline -0.002 -24"><span class='ocrx_word' id='word_1_298' title='bbox 433 3732 444 3737; x_wconf 25' lang='grc' dir='ltr'>ι</span> <span class='ocrx_word' id='word_1_299' title='bbox 498 3669 652 3713; x_wconf 80' lang='lat' dir='ltr'><strong>tuus.</strong></span> <span class='ocrx_word' id='word_1_300' title='bbox 735 3648 1014 3715; x_wconf 77' lang='lat' dir='ltr'><strong>Ceterum</strong></span> <span class='ocrx_word' id='word_1_301' title='bbox 1057 3655 1075 3685; x_wconf 78' lang='lat'><em>⁶</em></span> <span class='ocrx_word' id='word_1_302' title='bbox 1099 3648 1417 3715; x_wconf 83' lang='lat' dir='ltr'><strong>draconem</strong></span> <span class='ocrx_word' id='word_1_303' title='bbox 1440 3646 1465 3682; x_wconf 80' lang='lat'><strong>¹²</strong></span> <span class='ocrx_word' id='word_1_304' title='bbox 1507 3648 1569 3711; x_wconf 85' lang='lat' dir='ltr'><strong>in</strong></span> <span class='ocrx_word' id='word_1_305' title='bbox 1620 3646 1801 3710; x_wconf 88' lang='lat' dir='ltr'><strong>cubili</strong></span> <span class='ocrx_word' id='word_1_306' title='bbox 1842 3646 2047 3708; x_wconf 84' lang='lat' dir='ltr'><strong>matris</strong></span> <span class='ocrx_word' id='word_1_307' title='bbox 2094 3647 2223 3729; x_wconf 84' lang='lat' dir='ltr'><strong>ejus</strong></span> <span class='ocrx_word' id='word_1_308' title='bbox 2268 3648 2483 3719; x_wconf 79' lang='lat' dir='ltr'><strong>visum,</strong></span> <span class='ocrx_word' id='word_1_309' title='bbox 2524 3666 2706 3731; x_wconf 87' lang='lat' dir='ltr'><strong>quem</strong></span> 
     </span>
    </p>
   </div>
   <div class='ocr_carea' id='block_1_3' title="bbox 495 3844 2702 4128">
    <p class='ocr_par' dir='ltr' id='par_1_3' title="bbox 495 3844 2702 4128">
     <span class='ocr_line' id='line_1_36' title="bbox 562 3844 2159 3915; baseline 0.001 -18"><span class='ocrx_word' id='word_1_310' title='bbox 562 3846 588 3881; x_wconf 70' lang='lat'><strong><em>⁴</em></strong></span> <span class='ocrx_word' id='word_1_311' title='bbox 620 3848 768 3900; x_wconf 84' lang='lat' dir='ltr'><strong>Plut.</strong></span> <span class='ocrx_word' id='word_1_312' title='bbox 787 3851 940 3901; x_wconf 80' lang='lat' dir='ltr'><strong>Alex.</strong></span> <span class='ocrx_word' id='word_1_313' title='bbox 975 3865 1026 3915; x_wconf 83' lang='lat' dir='ltr'><strong>p.</strong></span> <span class='ocrx_word' id='word_1_314' title='bbox 1047 3854 1164 3903; x_wconf 71' lang='lat'><strong>⁶6⁵.</strong></span> <span class='ocrx_word' id='word_1_315' title='bbox 1196 3849 1281 3901; x_wconf 81' lang='lat' dir='ltr'><strong>ed.</strong></span> <span class='ocrx_word' id='word_1_316' title='bbox 1315 3845 1560 3903; x_wconf 75' lang='lat' dir='ltr'><strong>Francos.</strong></span> <span class='ocrx_word' id='word_1_317' title='bbox 1704 3844 1729 3878; x_wconf 56' lang='grc' dir='ltr'><strong><em>ἴ</em></strong></span> <span class='ocrx_word' id='word_1_318' title='bbox 1744 3844 1904 3899; x_wconf 77' lang='lat' dir='ltr'><strong>‘Idem</strong></span> <span class='ocrx_word' id='word_1_319' title='bbox 1922 3857 1983 3894; x_wconf 79' lang='lat'><strong>1·</strong></span> <span class='ocrx_word' id='word_1_320' title='bbox 2005 3848 2055 3895; x_wconf 78' lang='grc'><strong>5.</strong></span> <span class='ocrx_word' id='word_1_321' title='bbox 2075 3848 2159 3897; x_wconf 76' lang='grc'><strong>86.</strong></span> 
     </span>
     <span class='ocr_line' id='line_1_37' title="bbox 501 3920 2170 3977; baseline -0.001 -5"><span class='ocrx_word' id='word_1_322' title='bbox 501 3927 652 3973; x_wconf 75' lang='grc'><strong>1599.</strong></span> <span class='ocrx_word' id='word_1_323' title='bbox 683 3922 902 3975; x_wconf 79' lang='lat' dir='ltr'><strong>moder.</strong></span> <span class='ocrx_word' id='word_1_324' title='bbox 936 3926 1042 3977; x_wconf 75' lang='lat' dir='ltr'><strong>Sic.</strong></span> <span class='ocrx_word' id='word_1_325' title='bbox 1076 3939 1216 3977; x_wconf 82' lang='lat' dir='ltr'><strong>xvn.</strong></span> <span class='ocrx_word' id='word_1_326' title='bbox 1242 3933 1298 3977; x_wconf 86' lang='lat'><strong>1.·</strong></span> <span class='ocrx_word' id='word_1_327' title='bbox 1354 3924 1561 3975; x_wconf 77' lang='lat' dir='ltr'><strong>Arrian.</strong></span> <span class='ocrx_word' id='word_1_328' title='bbox 1700 3930 1728 3967; x_wconf 71' lang='grc' dir='ltr'><strong><em>ε</em></strong></span> <span class='ocrx_word' id='word_1_329' title='bbox 1749 3920 1897 3971; x_wconf 83' lang='lat' dir='ltr'><strong>Idem</strong></span> <span class='ocrx_word' id='word_1_330' title='bbox 1920 3934 2001 3970; x_wconf 80' lang='lat' dir='ltr'><strong>tv.</strong></span> <span class='ocrx_word' id='word_1_331' title='bbox 2022 3922 2170 3970; x_wconf 50' lang='lat'><strong>¹130.</strong></span> 
     </span>
     <span class='ocr_line' id='line_1_38' title="bbox 495 3988 2702 4059; baseline 0.001 -12"><span class='ocrx_word' id='word_1_332' title='bbox 495 4010 586 4053; x_wconf 80' lang='lat' dir='ltr'><strong>m.</strong></span> <span class='ocrx_word' id='word_1_333' title='bbox 607 4002 658 4050; x_wconf 81' lang='lat' dir='ltr'><strong>s.</strong></span> <span class='ocrx_word' id='word_1_334' title='bbox 678 3998 909 4049; x_wconf 64' lang='lat' dir='ltr'><strong>Panum.</strong></span> <span class='ocrx_word' id='word_1_335' title='bbox 943 3999 1114 4052; x_wconf 73' lang='lat' dir='ltr'><strong>Auic.</strong></span> <span class='ocrx_word' id='word_1_336' title='bbox 1145 4014 1187 4051; x_wconf 88' lang='grc' dir='ltr'><strong>ι.</strong></span> <span class='ocrx_word' id='word_1_337' title='bbox 1249 4002 1441 4053; x_wconf 59' lang='lat' dir='ltr'><strong>Vener.</strong></span> <span class='ocrx_word' id='word_1_338' title='bbox 1460 4001 1560 4053; x_wconf 70' lang='lat' dir='ltr'><strong>Pa·</strong></span> <span class='ocrx_word' id='word_1_339' title='bbox 1700 3995 1727 4030; x_wconf 88' lang='lat'><strong>¹·</strong></span> <span class='ocrx_word' id='word_1_340' title='bbox 1752 3996 1959 4046; x_wconf 69' lang='lat' dir='ltr'><strong>Lucina.</strong></span> <span class='ocrx_word' id='word_1_341' title='bbox 1983 3995 2129 4044; x_wconf 67' lang='lat' dir='ltr'><strong>mat.</strong></span> <span class='ocrx_word' id='word_1_342' title='bbox 2154 3994 2316 4044; x_wconf 82' lang='lat' dir='ltr'><strong>Mort-</strong></span> <span class='ocrx_word' id='word_1_343' title='bbox 2338 4006 2463 4042; x_wconf 79' lang='lat' dir='ltr'><strong>xm·</strong></span> <span class='ocrx_word' id='word_1_344' title='bbox 2486 3988 2629 4045; x_wconf 80' lang='lat' dir='ltr'><strong>Plnt·</strong></span> <span class='ocrx_word' id='word_1_345' title='bbox 2650 4008 2702 4059; x_wconf 78' lang='lat' dir='ltr'><strong>p·</strong></span> 
     </span>
     <span class='ocr_line' id='line_1_39' title="bbox 497 4071 2460 4128; baseline -0.003 -3"><span class='ocrx_word' id='word_1_346' title='bbox 497 4082 632 4125; x_wconf 83' lang='lat' dir='ltr'><strong>tere.</strong></span> <span class='ocrx_word' id='word_1_347' title='bbox 653 4086 694 4124; x_wconf 88' lang='grc' dir='ltr'><strong>ι.</strong></span> <span class='ocrx_word' id='word_1_348' title='bbox 715 4077 770 4124; x_wconf 69' lang='grc' dir='ltr'><strong>Β.</strong></span> <span class='ocrx_word' id='word_1_349' title='bbox 1638 4076 1754 4128; x_wconf 71' lang='lat'><strong>⁶65.</strong></span> <span class='ocrx_word' id='word_1_350' title='bbox 1788 4071 1931 4125; x_wconf 78' lang='lat' dir='ltr'><strong>Just.</strong></span> <span class='ocrx_word' id='word_1_351' title='bbox 1956 4082 2037 4123; x_wconf 69' lang='grc' dir='ltr'><strong>ιι.</strong></span> <span class='ocrx_word' id='word_1_352' title='bbox 2063 4074 2145 4123; x_wconf 84' lang='lat'><strong>11.</strong></span> <span class='ocrx_word' id='word_1_353' title='bbox 2168 4076 2224 4120; x_wconf 83' lang='lat' dir='ltr'><strong>et</strong></span> <span class='ocrx_word' id='word_1_354' title='bbox 2251 4082 2357 4120; x_wconf 74' lang='lat' dir='ltr'><strong>xit.</strong></span> <span class='ocrx_word' id='word_1_355' title='bbox 2378 4073 2460 4119; x_wconf 77' lang='grc'><strong>16.</strong></span> 
     </span>
    </p>
   </div>
   <div class='ocr_carea' id='block_1_4' title="bbox 563 4150 1026 4205">
    <p class='ocr_par' dir='ltr' id='par_1_4' title="bbox 563 4150 1026 4205">
     <span class='ocr_line' id='line_1_40' title="bbox 563 4150 1026 4205; baseline 0.004 -6"><span class='ocrx_word' id='word_1_356' title='bbox 563 4156 588 4184; x_wconf 77' lang='lat'>⁸</span> <span class='ocrx_word' id='word_1_357' title='bbox 613 4150 760 4205; x_wconf 75' lang='lat' dir='ltr'><strong>Cart.</strong></span> <span class='ocrx_word' id='word_1_358' title='bbox 781 4162 886 4201; x_wconf 80' lang='lat' dir='ltr'><strong>vn.</strong></span> <span class='ocrx_word' id='word_1_359' title='bbox 911 4154 1026 4203; x_wconf 68' lang='lat' dir='ltr'><strong>L!-</strong></span> 
     </span>
    </p>
   </div>
  </div>
 </body>
</html>
