2858 4782
567 392 702 457 100
1360 404 1418 452 s.
1466 398 1970 452 sanrnsunun

575 548 818 621 viribus,
835 546 896 607 in
925 545 1210 607 ditionem
1234 542 1473 605 'victoris
1502 542 1889 605 concederet.¹
1976 544 2073 603 13.
2102 543 2303 622 Atque
2328 542 2429 605 ille
2444 544 2571 624 jam
2598 545 2749 605 obie-

573 654 686 715 rat,
713 645 836 705 vita
861 642 939 703 ‘ad
969 642 1416 721 nonagesimum
1457 640 1653 701 aetatis
1692 659 1911 699 annum
1951 636 2278 719 producta:
2318 650 2577 700 ceterum
2602 640 2749 701 filius

573 740 700 820 ejus
723 738 916 799 Clitus
935 744 962 783 ·‘
987 748 1379 818 opportunum
1409 734 1829 815 recuperandoe
1855 735 2143 795 libertatis
2164 746 2395 815 tempus
2424 735 2752 796 advenisse'

573 836 879 906 dictitans,
936 840 952 869 ‘
981 833 1123 893 dum
1173 833 1623 912 aspen-rimarum
1670 830 1929 911 gentium
1964 831 2157 892 -armis
2208 831 2547 893 Alexander
2570 874 2575 883 .
2596 841 2749 890 trans

573 932 788 993 Istrum
821 929 1201 1002 attineretur-J
1227 929 1544 1009 populares
1573 928 1651 988 ad
1680 947 1844 988 arma
1868 927 2162 1007 capienda
2186 928 2449 1007 impulit:
2492 926 2637 985 inita
2660 945 2753 985 so·

569 1027 790 1087 cietate
841 1044 976 1085 eum
1027 1024 1281 1085 Glaucia
1334 1043 1475 1103 rege
1530 1023 1883 1104 Illyriorum,
1936 1023 2040 1101 qui
2093 1023 2387 1083 Taulantii
2430 1015 2753 1083 vocantur.¹¹

575 1126 670 1182 14.
713 1120 1038 1181 Autariatae
1067 1118 1186 1179 alia
1211 1119 1372 1179 natio
1399 1119 1510 1179 iter
1538 1118 1823 1179 facientes
1854 1117 2220 1178 Macedonas
2264 1119 2601 1197 aggressuri
2632 1119 2751 1176 fue-

569 1226 740 1277 rant:
783 1214 890 1275 sed
918 1216 1222 1292 Langarus
1249 1214 1643 1292 Agrianomm
1671 1209 1805 1274 rex¹
1831 1211 2171 1273 Alexandro
2212 1213 2392 1286 fidus,
2418 1212 2607 1294 petiit,
2646 1220 2663 1247 ‘
2690 1222 2754 1272 ut

571 1312 683 1373 sibi
708 1330 908 1373 curam
935 1330 1063 1371 eam
1093 1310 1489 1389 permitteret:
1534 1328 1667 1369 sese
1695 1308 1855 1369 domi
1884 1328 2087 1369 eorum
2110 1318 2342 1369 tantum
2368 1308 2592 1387 negotii
2615 1308 2755 1388 ipsis

570 1414 1067 1485 comparaturum,
1085 1415 1153 1465 ut
1179 1404 1437 1466 animum
1464 1424 1502 1463 a
1528 1404 1813 1465 vexandis
1838 1404 2265 1465 Macedonibus
2294 1404 2371 1463 ad
2400 1424 2516 1464 sua
2540 1402 2757 1463 tuenda

569 1500 910 1561 conversuri
949 1498 1193 1561 essent.’
1279 1502 1374 1560 15.
1417 1497 1839 1559 collaudatum
1882 1498 2171 1578 donisque
2198 1500 2513 1581 magnifice
2538 1499 2754 1560 cultum

561 1597 842 1677 juvenem
873 1594 1255 1663 dimisit-ren
1297 1596 1483 1656 etiam·
1502 1594 1720 1655 sororis
1750 1596 1939 1675 Cynae
1971 1596 2208 1675 nuptias
2236 1596 2558 1676 pollicitus,
2584 1612 2755 1675 quam

569 1712 646 1752 ex
675 1692 876 1772 Illyria
900 1691 1146 1753 muliere
1174 1702 1515 1773 susceptam
1538 1692 1819 1773 Amyntoe
1844 1692 1905 1752 in
1933 1692 2366 1753 matrimonium
2388 1691 2639 1751 dederat
2661 1710 2759 1771 pa-

568 1800 676 1849 ter.
715 1822 722 1829 ·
767 1789 863 1848 16.
907 1788 986 1846 Et
1011 1788 1309 1866 Agrianus
1351 1788 1593 1867 quidem
1639 1788 1987 1867 promissam
2036 1806 2277 1866 operam
2300 1787 2610 1865 praestitit:
2654 1785 2758 1845 sed

567 1884 798 1943 morbo·
815 1892 1172 1961 correptum,
1219 1902 1296 1942 ne
1335 1892 1515 1961 pacta
1560 1881 1831 1943 mercede
1876 1883 2185 1955 frueretur,
2230 1882 2394 1945 brevi
2440 1892 2761 1943 consecuta

567 1997 728 2038 mors
753 1977 1060 2056 praevenit.
1137 1979 1230 2035 17.
1259 1975 1355 2035 Ita
1379 1976 1657 2036 cohibitis
1684 1976 2005 2037 Autariatis
2032 1979 2161 2038 sine
2188 1978 2510 2039 certamine
2532 1976 2757 2038 Pelium

568 2082 914 2152 perventum
941 2081 1095 2144 esan
1121 2071 1483 2133 Dessaretioe
1520 2071 1823 2151 oppidum,
1856 2072 2147 2134 Eordaico
2174 2073 2401 2135 flumini
2427 2074 2759 2135 imminens.

575 2170 668 2229 18.
713 2166 984 2245 Speciem
1011 2186 1273 2247 pugnam
1303 2170 1700 2246 expetentium
1729 2170 2076 2249 prebebant
2102 2170 2329 2242 hostes,
2356 2179 2419 2230 et
2445 2169 2611 2230 velut
2636 2187 2757 2229 ma·

567 2284 683 2325 nus
737 2263 1063 2325 conserturi
1119 2274 1288 2324 extra
1334 2264 1617 2343 proesidia
1672 2284 1782 2325 sua
1812 2266 2103 2327 *ferociter
2147 2276 2598 2343 procurrerant:
2658 2262 2758 2324 sed

565 2360 908 2442 priusquam
943 2359 1212 2440 praelium
1257 2360 1544 2422 committi
1582 2370 1805 2440 posset,
1844 2362 2222 2441 refugeruntz
2266 2360 2406 2422 licet
2430 2370 2762 2441 opportuna

567 2455 723 2528 loca,
761 2456 1062 2536 sylvisque
1105 2467 1170 2517 et
1207 2457 1460 2518 collibus
1504 2457 1808 2536 impedita,
1842 2459 2285 2537 proecepissent.
2375 2459 2468 2517 19.
2517 2456 2759 2517 Foedum

562 2553 648 2612 ibi
673 2550 1082 2631 spectaculum
1109 2550 1511 2613 Macedonum
1546 2551 1738 2612 oculis
1767 2552 2062 2632 objectum
2092 2565 2221 2612 est:
2263 2564 2383 2613 tres
2413 2554 2581 2631 pueri
2626 2552 2759 2612 toti—

569 2646 824 2726 demque
862 2647 1097 2726 puellae,
1133 2667 1268 2708 cum
1295 2649 1481 2710 tribus
1522 2647 1704 2727 nigris
1738 2648 2041 2722 arietibus,
2072 2651 2321 2710 confusa
2366 2659 2566 2727 strage
2598 2647 2762 2728 jace-

566 2743 746 2810 bant:
790 2759 942 2820 quos
993 2741 1222 2801 barbari
1273 2743 1563 2822 sacrilego
1600 2761 1771 2804 sacro
1810 2743 1940 2803 Diis
1970 2744 2094 2804 suis
2135 2743 2605 2815 immolaverant,
2644 2761 2761 2822 quo

565 2837 919 2918 pugnaturis
969 2835 1277 2898 audaciam
1322 2837 1701 2916 inspirarent.
1792 2836 1913 2897 Sed
1961 2837 2177 2898 vindex
2223 2857 2441 2896 numen
2490 2837 2761 2898 scelestis

565 2933 858 2994 mentibus
895 2951 1020 3012 pro
1069 2932 1284 2994 virtute
1329 2932 1667 2994 vecordiam
1712 2931 1933 3012 injecit.
2015 2935 2114 2992 20.
2158 2933 2291 2992 Rex
2342 2933 2498 2992 intra
2544 2935 2765 2992 moenia

565 3013 902 3106 compulsos
937 3027 1118 3088 ducto
1161 3030 1449 3089 exteriore
1474 3048 1643 3088 muro
1670 3027 2063 3090 intercludere
2090 3037 2412 3095 statuerat:
2454 3045 2595 3088 cum
2620 3047 2763 3107 pos-

565 3123 738 3182 tridie
781 3139 918 3182 cum
945 3123 1177 3199 magnis
1205 3122 1647 3183 Taulantioi-um
1686 3124 1875 3202 copiis
1916 3122 2199 3188 Glaucias
2228 3123 2502 3184 advenit:
2544 3125 2635 3184 ita
2660 3143 2763 3203 spe

565 3214 875 3295 capiendae
905 3215 1065 3276 urbis
1093 3215 1345 3294 abjecta,
1383 3217 1683 3296 quomodo
1711 3229 1841 3278 tuto
1868 3217 2225 3292 discederet,-
2250 3221 2573 3299 cogitabat.
2664 3223 2762 3280 21.

569 3311 812 3371 Interim
853 3310 1088 3370 Philota
1119 3330 1254 3371 cum
1295 3313 1579 3391 jumentis
1618 3316 2040 3384 castrensibus,
2076 3326 2139 3375 et
2181 3315 2458 3395 proesidio
2492 3316 2761 3396 equitum

563 3410 984 3468 frumentatum
1013 3407 1216 3480 misso,
1241 3409 1529 3489 comperit
1557 3415 1573 3444 ‘
1602 3429 1741 3471 suos
1772 3412 1831 3470 in
1860 3411 2200 3472 discrimine
2226 3413 2445 3472 versari
2461 3411 2501 3480 ς’
2538 3415 2763 3494 quippe

565 3503 844 3565 Glaucias
891 3503 1075 3564 colles
1119 3523 1332 3584 campo
1371 3505 1771 3568 circumdatos
1820 3519 2231 3588 occupaverat,
2268 3508 2327 3566 in
2382 3507 2761 3572 occasionem

564 3599 842 3681 gerendae
887 3601 968 3659 rei
1007 3600 1290 3662 intentus.
1375 3604 1475 3661 22.
1518 3603 1702 3681 Igitur
1732 3603 2013 3665 adversus
2043 3603 2471 3683 oppidanorum
2498 3605 2761 3684 eruptio-

566 3716 700 3758 nem
749 3703 912 3776 patte
959 3696 1248 3756 exercitus
1293 3697 1352 3756 in
1403 3699 1614 3758 castris
1644 3699 1871 3772 relicta,
1900 3719 2035 3760 cum
2064 3699 2275 3760 ceteris
2300 3698 2488 3778 copiis
2510 3698 2761 3780 impigre

561 3794 862 3871 profectus
891 3804 1020 3859 est;
1063 3791 1397 3871 territisque
1427 3791 1679 3874 Illyriis,
1706 3815 1844 3854 suos
1884 3795 2106 3876 recepit
2142 3795 2490 3855 incolumes.
2578 3796 2761 3856 Cete-

565 3907 694 3946 rum
725 3888 834 3946 iter
855 3889 1081 3948 facturo
1106 3887 1422 3947 maximum
1450 3888 1771 3966 periculum
1800 3890 2175 3950 imminebat:
2220 3893 2316 3950 23.
2346 3890 2483 3950 hinc
2512 3890 2761 3964 flumen,

566 3982 703 4042 inde
755 3984 1032 4061 praerupti
1079 3983 1366 4062 arduique
1407 3983 1590 4046 colles
1634 3985 1789 4046 viam
1830 3988 2232 4060 coarctabant,
2280 3988 2486 4049 relicto
2524 3987 2759 4060 itinere,

635 4149 650 4181 ¹
675 4147 752 4198 ld.
771 4165 822 4211 p.
848 4155 959 4200 522.
1760 4151 1774 4186 ¹
1806 4151 1887 4202 Id.
1907 4153 1941 4202 l.
1960 4153 1995 4200 l.

631 4224 657 4258 ⁸¹
693 4225 897 4276 Art-ian.
917 4239 954 4278 1.
977 4231 1025 4276 5.
1263 4241 1276 4252 ·
1760 4237 1797 4262 Ι·
1830 4227 1909 4278 Id.
1931 4230 1967 4279 Ι.
1985 4229 2019 4278 Ι.
