2858 4782
655 409 916 459 surm„
963 409 1040 457 m
1093 407 1162 470 Q.
1209 409 1559 458 cun-rum
1612 411 1761 460 ms.
1808 410 1893 460 11.
2224 397 2357 462 125

141 561 242 612 ter
267 569 418 612 usus
443 559 610 617 eratz
653 549 871 610 multos
898 549 1128 623 lancea,
1157 550 1306 610 alios
1347 568 1491 610 ense
1537 552 1910 612 confecerat:
1950 551 2239 630 primique
2278 565 2354 612 ex

147 646 428 706 hostibus
458 645 660 724 fugam
681 645 1102 724 arripuerunt,⁸
1139 647 1237 726 qui
1280 658 1491 706 contra
1532 647 1725 725 ipsum
1761 648 2170 708 constiterant.
2255 651 2353 708 30.

151 741 492 804 Consilium
537 761 774 820 quoque
811 742 996 820 ipsius
1025 741 1240 802 audaci
1267 741 1487 819 specie,
1514 741 1647 819 plus
1676 751 1877 801 tamen
1904 742 2146 802 rationis
2176 763 2355 822 quam

147 837 502 898 temeritatis
545 837 786 897 habuit:
833 847 1196 917 pugnaturos
1231 837 1519 898 adversus
1546 837 1777 897 hostem
1805 843 2044 910 novum,
2074 856 2353 899 numero-

151 953 270 1011 que
317 932 501 1011 longe
545 932 924 1011 superiorem,
973 933 1148 992 etiam
1199 931 1617 1010 desperatione
1672 951 1897 992 armare
1942 933 2229 1007 voluerat,
2286 945 2354 995 ut

148 1027 472 1104 precisum
495 1027 730 1105 objectu
767 1027 1024 1086 fluminis
1059 1027 1266 1106 fugam
1305 1027 1655 1106 conspicati,
1686 1047 1919 1086 omnem
1946 1028 2155 1088 salutis
2186 1048 2351 1107 spem

93 1159 106 1168 ·
149 1123 208 1180 in
247 1122 502 1183 victoria
546 1121 956 1182 collocarent.¹³
1039 1125 1142 1182 31.
1181 1121 1602 1182 Thessalorum
1650 1123 1848 1194 etiam,
1888 1143 2024 1182 nam
2068 1125 2149 1184 id·
2176 1126 2353 1184 robur

151 1217 458 1296 equitatus
504 1227 652 1288 erat,
691 1216 940 1294 insignis
975 1235 1048 1276 eo
1091 1217 1188 1276 die
1238 1235 1418 1296 opera
1458 1216 1692 1277 extitit:
1734 1235 1928 1296 neque
1956 1219 2136 1277 ceteri
2156 1219 2353 1279 officio

155 1331 266 1373 suo
287 1311 640 1372 defuerunt:
673 1311 998 1390 praesertim
1026 1312 1278 1391 equites,
1309 1331 1447 1371 nam
1468 1315 1724 1390 equestri
1749 1312 2122 1391 potissimum
2148 1313 2353 1392 proelio

153 1417 463 1468 transacta
508 1425 600 1466 res
653 1415 787 1466 est:
835 1407 1070 1484 pedites
1124 1427 1158 1466 e
1209 1408 1463 1485 vestigio
1510 1417 1839 1468 cesserunt.
1928 1411 2024 1468 32.
2070 1409 2353 1469 Ceterum

153 1500 500 1563 Alexander
543 1501 856 1561 Persarum
903 1502 1082 1562 etiam
1125 1502 1521 1562 nobilissimos
1566 1503 1885 1580 sepulturae
1926 1503 2207 1571 tradidit:
2228 1507 2252 1534 ⁰
2293 1515 2356 1565 et

149 1607 450 1677 quotquot
477 1616 552 1656 ex
580 1596 805 1656 Graecis
833 1596 1206 1656 mercenariis
1231 1596 1503 1656 hostibus
1534 1606 1821 1656 merentes
1842 1597 2219 1658 ceciderant-z
2250 1602 2353 1678 qui

149 1703 354 1754 autem
381 1711 586 1752 eorum
610 1691 725 1751 vivi
753 1693 812 1751 in
835 1701 1188 1770 potestatem
1216 1691 1437 1751 redacti
1464 1691 1719 1764 fuerant,
1764 1700 1781 1726 ⁸
1802 1711 1905 1752 eos
1934 1711 2039 1771 per
2064 1692 2351 1754 Macedo-

153 1790 316 1847 niam
343 1789 402 1846 in
431 1787 738 1865 ergastula
759 1786 1030 1846 distribui
1054 1788 1068 1812 '
1112 1786 1340 1864 jussit,‘¹
1379 1793 1398 1820 ‘
1419 1785 1583 1864 quod
1612 1797 1819 1846 contra
1839 1805 2151 1847 commune
2180 1787 2351 1848 Gr&-

151 1903 358 1945 corum
395 1883 719 1954 decretum,
755 1903 862 1962 pro
901 1885 1282 1943 barbarorum
1320 1882 1717 1943 dominatione
1766 1884 2051 1943 adversus
2100 1885 2352 1962 patriam

149 1979 628 2060 pugnavissent:
705 1981 804 2038 33.
843 1969 1162 2038 Thebanos
1205 1988 1406 2038 tamen
1447 1979 1716 2050 dimisit}
1770 1978 1893 2057 qui,
1940 1977 2142 2038 excisa
2186 1981 2351 2050 urbe,

153 2075 407 2136 ademtis
453 2075 632 2152 agris,
673 2075 1030 2138 necessitate
1073 2073 1266 2151 magis
1311 2092 1491 2152 quam
1544 2083 1757 2152 sponte
1803 2084 2191 2151 peccassent:
2224 2073 2352 2153 jam

151 2171 314 2230 enim
345 2179 436 2230 tot
475 2169 710 2228 illorum
757 2167 1196 2228 calamitatibus
1237 2169 1477 2246 expleta
1521 2167 1661 2226 odia
1696 2167 2113 2227 misericordiae
2156 2168 2353 2228 locum

150 2268 438 2326 fecerant.
499 2265 622 2322 ·34.
661 2262 938 2323 Posthsec
961 2263 1038 2321 de
1065 2263 1358 2322 manubiis
1387 2271 1683 2342 trecentos
1713 2262 1953 2343 clypeos
1987 2264 2217 2342 selegit,
2246 2265 2351 2343 qui

159 2360 447 2421 Minervae
476 2357 826 2419 Atheniensi
852 2357 1314 2430 dedicarentur}
1347 2358 1605 2437 superbo
1632 2375 1769 2419 cum
1796 2358 2008 2419 titulo:
2053 2367 2068 2395 ‘
2090 2359 2353 2419 Alexan·

163 2456 337 2515 drum
367 2454 622 2532 Philippi
665 2454 734 2513 F.
763 2453 1148 2531 Groecosque,
1175 2454 1439 2530 exceptis
1468 2452 1951 2527 Lacedaemoniis,
1979 2454 2055 2513 de
2081 2455 2351 2515 barbaris

158 2550 366 2610 Asiam
395 2548 792 2609 incolentibus
819 2548 1246 2629 suspendisse!
1331 2550 1431 2607 35.
1477 2546 1547 2605 ld
1578 2565 1650 2606 eo
1695 2548 1937 2620 fecerat,
1980 2559 2049 2609 ut
2094 2568 2357 2609 commu*

153 2647 356 2705 nieata
383 2644 642 2709 victoriae
671 2642 848 2702 laude
881 2642 1110 2703 Graecis
1155 2641 1234 2701 ad
1271 2652 1499 2703 ceteras
1548 2642 1687 2701 belli
1736 2645 2121 2703 necessitates
2172 2647 2348 2705 obse·

151 2740 562 2820 quentioribus
587 2748 884 2799 uteretur:
929 2738 1100 2797 simul
1131 2738 1712 2797 Lacedaemoniorum
1754 2739 2189 2797 contumaciam
2235 2751 2352 2799 tra·-

155 2837 434 2905 ducebat,
477 2835 578 2913 qui
617 2846 884 2895 seorsum
929 2834 1088 2893 initis
1135 2834 1398 2894 consiliis
1458 2853 1495 2891 a
1547 2845 1743 2893 cetero
1798 2832 2051 2891 Graecias
2108 2852 2351 2911 corpore

153 2931 407 3011 abrupti,
435 2928 700 3007 tantique
726 2928 956 2987 decoris
985 2939 1257 3007 expertes
1288 2928 1665 2987 mansissent.
1750 2928 1849 2987 36.
1896 2927 2107 3005 Neque
2123 2930 2349 2999 matris,

155 3046 334 3106 qnam
371 3025 586 3085 eximia
630 3025 844 3100 pietate
887 3042 1118 3101 semper
1165 3023 1369 3094 coluit,
1419 3022 1661 3093 oblitus,
1711 3022 1971 3100 pocula,⁸
2012 3042 2351 3102 purpuram,

155 3124 392 3201 aliaque
417 3121 480 3180 id
508 3138 697 3199 genus
739 3120 996 3198 pretiosa
1041 3118 1251 3197 spolia,
1297 3118 1505 3195 paucis
1550 3116 1786 3189 demtis,
1836 3116 1911 3176 ad
1960 3118 2121 3176 illam
2160 3130 2354 3180 trans-

159 3220 337 3279 misit.

235 3313 342 3371 VI.
413 3315 468 3373 l.
511 3312 662 3372 Post
686 3310 801 3371 boc
829 3310 1096 3389 proelium
1123 3308 1322 3367 denuo
1351 3308 1429 3368 ad
1456 3307 1623 3367 ilium
1646 3307 1945 3387 profectus
1967 3306 2356 3380 Alexander,⁸

159 3410 308 3469 Deoe
335 3408 560 3487 gratias
585 3408 732 3485 egit,
755 3426 891 3484 quae
918 3404 1246 3484 gravissimi
1274 3403 1416 3463 belli
1450 3403 1765 3461 discrimen
1809 3401 2127 3469 aditurum,
2174 3405 2351 3461 armis

157 3516 218 3565 et
243 3504 538 3563 ominibus
556 3502 830 3582 juyisset.
881 3504 940 3557 2.
975 3500 1208 3579 Quippe
1237 3498 1521 3577 superiori
1550 3506 1809 3576 tempore
1836 3515 1971 3555 cum
1993 3496 2191 3555 statim
2214 3508 2354 3575 post

155 3598 570 3659 transmissum
621 3596 1076 3673 Hellespontum
1124 3612 1197 3653 eo
1245 3592 1677 3662 contendisset,
1706 3594 1791 3651 uti
1822 3610 1999 3669 supra
2028 3590 2351 3662 retulimus,

161 3705 298 3753 ante
323 3695 528 3754 fanum
567 3692 854 3751 Minervae
887 3702 1146 3752 statuam
1177 3700 1509 3769 equestrem
1556 3687 1719 3747 humi
1768 3695 2122 3765 prostratam
2166 3686 2357 3760 vidit,b

225 3892 250 3921 ⁸
281 3885 438 3935 mod.
455 3886 492 3934 1.
516 3886 556 3935 l.
1363 3879 1382 3913 f
1407 3877 1616 3929 Ari-ian.
1641 3878 1675 3927 l.
1699 3879 1733 3928 Ι.
1765 3876 1909 3925 Plut.
1928 3876 2081 3926 Alex.
2106 3879 2289 3941 pan.

221 3961 246 3995 b
283 3960 416 4010 ΜΛ.
444 3962 480 4009 Ι.
1317 3996 1330 4003 -
1359 3964 1386 3999 t
1420 3956 1565 4005 Plut.
1596 3952 1750 4003 Alex.
1771 3954 1806 4002 l.
1829 3952 1863 3999 l.

221 4042 244 4068 ⁶
279 4036 482 4085 Arriam.
510 4050 550 4084 ι.
571 4039 651 4084 17.
1361 4039 1385 4063 ⁸
1416 4028 1593 4078 Strab.
1617 4040 1742 4077 xm.
1766 4041 1821 4091 p.
1844 4030 1959 4076 698.

225 4112 252 4145 ⁴
284 4110 364 4159 Id.
386 4112 419 4161 Ι.
442 4112 476 4159 Ι.
1361 4106 1386 4139 b
1419 4101 1578 4153 Diod.
1596 4103 1702 4153 Sic.
1726 4114 1864 4151 xvu.
1885 4115 1937 4165 p.
1962 4105 2075 4152 5¹11.

224 4194 247 4220 ⁸
281 4186 424 4237 Plu«.
451 4184 717 4250 Apophtb.
735 4200 780 4237 c.
802 4189 883 4236 to.
