2858 4782
12 581 28 862 v—Q—-r
13 353 24 551 —-·-——-v
13 85 24 303 -———-

12 1383 25 1938 ι

661 390 920 442 sum..
968 392 1046 442 m
1096 395 1162 453 Q.
1212 394 1559 447 suarum
1610 395 1754 443 mn.
1803 398 1886 447 ιι.
2222 388 2348 453 121

157 532 365 592 denda
423 534 782 593 Macedonia
836 536 1204 614 cogitarent!
1302 534 1471 594 Nulli
1520 546 1850 597 ceterorum
1905 535 2119 599 ducum
2178 551 2349 619 grata

159 630 352 689 oratio
377 630 509 691 fuit.
591 634 694 691 24.
739 638 760 665 ‘
782 630 852 690 Id
881 632 1130 691 fortasse
1163 632 1467 690 Memnoni
1510 630 1745 691 Rhodio
1772 634 2001 711 probari
2029 653 2223 712 posse,
2251 638 2347 695 cui

158 727 443 806 expediat
469 727 689 787 bellum
715 726 888 796 trahi,
917 745 1036 805 quo
1064 727 1286 787 diutius
1325 726 1695 799 honoribus,⁰
1722 727 2145 808 stipendiisque
2170 731 2349 809 regiis

155 823 589 901 perfrueretur:
634 822 836 883 Persis
863 824 1208 883 commissos
1235 821 1372 881 fidei
1403 842 1527 881 suae
1556 822 1806 903 populos
1836 822 2083 901 prodere
2118 826 2345 903 puden-

157 917 296 976 dum
328 917 553 978 videri:
600 937 795 997 neque
845 918 1002 998 apud
1049 938 1248 997 regem
1291 918 1555 977 excusari
1596 938 1794 996 posse,
1824 919 1924 996 qui
1968 920 2145 998 longe
2174 922 2345 981 aliam

155 1014 294 1074 belli
327 1014 575 1091 gerendi
603 1016 889 1074 rationem
914 1016 1394 1093 proescripsisset.
1469 1016 1569 1074 25.
1612 1014 1847 1093 Quippe
1876 1014 2112 1088 Darius,
2141 1016 2349 1077 audito

155 1108 566 1169 Alexandrum
592 1129 666 1170 ex
709 1108 1068 1169 Macedonia
1094 1109 1371 1179 movisse,
1398 1108 1595 1169 literas
1626 1109 1701 1169 ad
1729 1110 2041 1189 praefectos
2071 1130 2211 1171 suos
2238 1114 2347 1171 mi-

159 1216 338 1273 serat,
369 1206 692 1283 imperans,
739 1212 754 1239 ‘
777 1216 845 1263 nt
885 1206 1272 1266 insanientem
1312 1204 1569 1283 Philippi
1606 1204 2110 1265 adolescentulum
2138 1208 2347 1286 puerili

157 1301 398 1359 verbere
449 1302 644 1361 oetatis
694 1309 756 1359 et
801 1300 1156 1361 conditionis
1209 1301 1591 1374 admonitum,
1620 1300 1835 1361 deinde
1864 1320 2157 1383 purpurea
2183 1314 2349 1363 veste

157 1392 458 1466 indutum,
483 1397 913 1475 quamprimum
941 1397 1048 1457 sibi
1077 1398 1334 1458 vinctum
1365 1397 1763 1457 adducerent:
1807 1417 1985 1459 naves
2010 1397 2349 1476 ipsius-una

156 1506 288 1548 cum
337 1492 538 1549 nantis
563 1493 734 1550 -rnari
788 1490 1234 1571 demergerent:
1289 1492 1505 1552 milites
1554 1510 1759 1551 omnes
1808 1493 1886 1551 ad
1922 1494 2128 1553 ultima
2166 1494 2345 1553 maris

157 1583 453 1661 Erythrai
481 1584 616 1645 loca
643 1572 1076 1664 deportarent?
1116 1588 1218 1647 26.
1247 1586 1398 1646 adeo
1425 1605 1549 1663 prae
1580 1586 1852 1665 superbia
1878 1586 2057 1644 futuri
2082 1606 2347 1659 securus,

153 1689 214 1738 et
238 1678 696 1757 ignarus-sortis
727 1699 877 1753 suae,
911 1700 1146 1741 omnem
1175 1682 1449 1741 humanas
1478 1681 1889 1741 imbecillitatis
1918 1701 2156 1740 sensum
2196 1700 2345 1741 exu-

154 1786 300 1847 erat,
330 1782 346 1809 ‘
365 1776 1106 1855 consanguineumneum
1125 1777 1140 1802 '
1185 1797 1250 1837 se
1283 1777 1499 1849 ferens,
1528 1777 1717 1855 magis
1745 1776 1905 1855 quod
1933 1777 2199 1855 potentia
2223 1796 2345 1837 non

154 1868 358 1949 dispar
383 1872 530 1949 ipsis
559 1871 873 1944 videretur,
902 1893 1079 1952 quam
1121 1876 1199 1934 ob
1226 1884 1479 1934 veterem
1522 1872 1829 1943 fabulam,¹’
1873 1892 1993 1951 qua
2029 1872 2344 1933 Persarum

151 1984 326 2042 reges
358 1985 398 2024 a
427 1965 649 2026 Perseo
695 1967 864 2027 Jovis
893 1968 1014 2028 filio
1055 1987 1270 2028 nomen
1297 1978 1475 2046 atque
1522 1988 1710 2046 genus
1753 1969 2001 2028 traxisse
2032 1969 2343 2031 ferebatur.

151 2063 251 2120 27.
301 2060 536 2121 Eodem
575 2062 732 2122 fastu
769 2063 1008 2142 plenam
1063 2064 1388 2142 Epistolam
1437 2064 1514 2122 ad
1555 2064 1949 2123 Athenienses
1988 2064 2165 2142 paulo
2208 2076 2347 2124 ante

153 2157 330 2215 scribi
347 2156 637 2235 jusserat,
665 2157 1146 2236 addideratque,‘⁸
1174 2166 1190 2193 ‘
1210 2157 1451 2237 quando
1482 2155 1829 2217 Macedonis
1858 2157 2171 2216 amicitiam
2192 2178 2344 2237 prse-

151 2251 457 2324 tulisaent,
498 2272 537 2312 a
562 2272 628 2312 se
657 2253 937 2334 deinceps
981 2272 1184 2314 aurum
1229 2272 1306 2313 ne
1349 2262 1652 2331 peterent:
1696 2272 1813 2311 non
1843 2254 1999 2312 enim
2028 2254 2343 2315 missurum

153 2365 310 2418 esse,
337 2349 520 2408 etiam
551 2348 942 2428 rogantibus?

229 2444 312 2502 V.
383 2447 442 2503 l.
491 2443 573 2502 At
615 2445 956 2503 Alexander
1001 2465 1136 2504 cum
1187 2445 1336 2504 inter
1389 2443 1879 2523 progrediendum
1908 2463 2111 2523 agrum
2142 2464 2179 2504 a
2206 2463 2345 2522 rege

152 2538 472 2598 Persarum
517 2539 844 2598 Memnoni·
873 2538 1031 2598 dono
1081 2540 1286 2600 datum
1334 2541 1650 2619 attigisset,
1680 2548 1697 2574 ‘
1720 2540 2008 2600 maleficio
2035 2541 2345 2601 abstineri?

141 2634 336 2712 jubet,
367 2641 388 2668 ⁶
407 2633 756 2712 colonisque
786 2644 846 2693 et
872 2634 1158 2696 fructibus
1186 2636 1346 2715 parci
1367 2636 1431 2694 :⁹⁸
1482 2636 1699 2696 callido
1743 2647 2075 2696 commento
2104 2656 2345 2716 suspec-

147 2740 276 2788 tum
303 2728 578 2789 facmrns
605 2728 898 2790 hominem
943 2729 1317 2803 industrium,
1346 2741 1406 2790 et
1448 2750 1625 2809 quem
1668 2750 1742 2790 ex
1783 2731 2057 2790 omnibus
2086 2732 2345 2790 hostium

147 2823 410 2884 ducibus
439 2843 622 2882 unum
653 2842 770 2883 non
799 2825 1242 2900 contemneret?
1269 2827 1318 2886 si
1345 2827 1404 2884 in
1438 2845 1575 2886 suas
1603 2837 1798 2905 partes
1830 2826 2211 2886 transducere
2243 2845 2343 2885 ne—

149 2919 466 2996 quivisset.
549 2923 609 2977 2.
653 2920 924 2998 Cumque
949 2928 966 2956 ‘
989 2920 1288 2982 lenitatem
1319 2920 1511 3000 regis’
1536 2919 1804 2979 admirati
1827 2919 2111 2997 quidam,⁶
2139 2929 2155 2954 ‘
2182 2939 2345 2980 acer-

147 3015 364 3074 rimum
423 3015 987 3094 callidissimumque
1044 3015 1443 3075 Macedonum
1492 3013 1747 3087 hostem,
1802 3015 2229 3094 quamprimum
2282 3016 2343 3077 in

147 3119 514 3188 potestatem
555 3109 832 3172 redactus
876 3121 1054 3183 esset,
1098 3109 1601 3178 interficiendum:
1646 3121 1823 3188 atque
1858 3110 2087 3170 interim
2130 3111 2344 3190 quibus

149 3215 362 3283 posset
387 3204 660 3264 cladibus
697 3206 1031 3265 vexandum
1079 3207 1248 3266 esse?
1275 3205 1576 3266 dicerent:
1618 3212 1635 3240 ‘
1656 3205 1837 3285 quin,’
1861 3207 2070 3283 inquit,
2109 3213 2125 3240 ‘
2146 3207 2343 3286 potius

147 3301 454 3359 beneficiis
485 3300 931 3380 supplantamus
956 3303 1276 3374 hominem,
1305 3311 1366 3362 et
1395 3301 1650 3362 amicum
1692 3321 1766 3360 ex
1806 3301 2041 3360 inimico
2073 3301 2340 3371 facimus,

151 3396 366 3456 eadem
395 3397 610 3456 virtute
637 3407 700 3456 et
725 3397 964 3456 solertia
991 3418 1097 3477 pro
1126 3399 1294 3458 nobis
1323 3395 1657 3457 staturum!
1741 3398 1798 3454 3.
1842 3396 2098 3454 Ventum
2128 3407 2253 3455 erat
2280 3399 2343 3456 in

150 3511 400 3571 campos
426 3490 787 3564 Adrasteoe,⁶
815 3513 916 3571 per
941 3512 1080 3571 quae
1109 3493 1402 3554 Granicus
1425 3492 1615 3553 amnis
1643 3490 1928 3570 proecipiti
1954 3509 2132 3550 cursu
2158 3491 2345 3549 volvi-

147 3603 264 3648 tur.
327 3589 420 3647 Ibi
439 3587 682 3666 quidam
711 3607 783 3646 ex
812 3589 1300 3667 speculatoribus,
1328 3607 1481 3668 quos
1502 3605 1636 3647 cum
1665 3585 2017 3664 Hegelocho
2044 3585 2345 3663 praemise-

153 3690 292 3756 ηιξ
315 3682 536 3742 reversi
581 3681 876 3754 nuntiant,
907 3690 924 3718 ⁶
943 3683 1164 3744 Persas
1189 3682 1492 3742 instructis
1532 3680 1609 3740 ad
1652 3679 1918 3759 proelium
1952 3677 2251 3738 ordinibus
2280 3679 2341 3740 in

149 3781 430 3839 ulteriore
483 3778 614 3857 ripa
665 3779 1027 3838 consistere!
1128 3784 1190 3840 4.
1248 3777 1561 3856 Paulisper
1614 3785 2030 3845 commoratus,
2076 3773 2218 3832 dum
2267 3773 2342 3838 de

213 3929 238 3952 ⁰
275 3917 486 3969 Arrian.
508 3919 542 3967 l.
564 3919 603 3966 l.
1353 3919 1378 3953 b
1411 3918 1559 3968 Cnrt.
1584 3930 1672 3966 ιιι.
1695 3919 1744 3965 1.
1765 3919 1848 3965 21.

215 4001 244 4035 Ρ
279 3993 485 4043 Herod.
507 4005 608 4043 vn.
632 3997 744 4044 15⁰.
787 3993 931 4045 Puut.
954 3994 1211 4049 Alcibiad.
1355 4001 1378 4027 θ
1407 3991 1652 4040 Themist.
1674 3990 1826 4041 Orat.
1844 3992 1893 4039 9.

151 4085 202 4133 p.
227 4073 347 4119 2⁰4.
676 4095 684 4104 .
1353 4068 1377 4102 ‘¹
1409 4064 1581 4116 Strab.
1603 4077 1729 4114 xm.
1752 4079 1805 4128 p.
1824 4067 1939 4116 ⁵88.

215 4154 243 4187 ⁸
276 4145 502 4195 AEschin.
520 4149 687 4193 contr.
707 4143 940 4208 ctesiph.
1355 4150 1377 4177 θ
1409 4140 1619 4192 Arrian.
1638 4154 1678 4191 ι.
1702 4145 1782 4190 14.

215 4227 241 4253 ⁸
275 4219 512 4284 Polyaen.
531 4219 758 4282 Strateg.
774 4232 849 4271 nr.
871 4225 921 4272 8.
944 4224 1022 4270 15.
