2858 4782
651 361 908 410 suern.
957 361 1040 410 nt
1089 363 1159 422 Q·
1205 361 1555 412 cunnum
1605 363 1754 412 mn.
1806 365 1854 412 1.
2256 350 2347 415 93

145 501 464 582 parricida
499 501 564 560 in
603 519 780 562 cruce
825 499 1108 579 pendenti
1147 521 1428 563 coronam
1476 522 1713 563 auream
1762 504 2141 582 impositam-a
2169 525 2345 565 nemo

148 599 470 671 dubitavit,
495 597 730 675 aliaque
755 597 1019 658 facinora
1043 607 1380 677 perpetrata
1407 609 1568 669 sunt,
1594 617 1669 657 ex
1696 599 1913 677 quibus
1942 601 2123 658 totius
2160 601 2349 660 scele-

147 695 228 752 ris
255 693 414 752 ordo
429 711 748 770 causaque
764 691 928 751 haud
955 693 1206 751 obscure
1231 693 1727 771 perspicerentur.
1800 695 1903 751 22.
1935 693 2134 752 Dubia
2154 694 2353 756 adbuc

148 788 288 847 luce
316 787 614 848 theatrum
653 785 868 866 ingens
909 786 1213 845 hominum
1249 787 1575 846 multitudo
1620 788 1995 866 impleverat‚·
2012 799 2359 866 spectatura

147 882 355 956 ludos,
403 884 524 961 qui.
549 882 913 961 superiorum
957 880 1186 940 dierum
1231 882 1579 960 spectacula
1614 883 1757 941 luxu
1804 893 1867 942 et
1912 883 2355 962 magnificentia

151 977 334 1055 longe
363 977 694 1055 superaturi
723 975 1112 1036 dicebantur.¹'
1191 977 1294 1034 23.
1339 977 1501 1036 Inter
1538 976 1677 1048 alia,
1704 977 1919 1055 quibus
1957 978 2175 1039 divitiis
2214 980 2351 1040 illu-

153 1071 298 1132 dere
337 1071 540 1132 solent
576 1071 844 1149 opulenti
896 1089 1089 1147 reges,
1143 1080 1206 1129 et
1245 1071 1501 1130 fortunm
1546 1090 1673 1130 sum
1715 1074 2183 1152 magnitudinem
2230 1095 2355 1134 non

151 1165 836 1246 capientes,·duodecim
880 1165 1144 1224 Deorum
1183 1165 1410 1244 effigies
1452 1166 1812 1239 eminebant,
1837 1169 1899 1226 in
1928 1169 2143 1246 quibus
2172 1170 2353 1228 artifi-

153 1281 294 1322 cum
337 1261 632 1322 industria
673 1281 810 1320 cum
855 1259 1118 1320 materiae
1163 1249 1455 1337 dignitate
1500 1271 1847 1323 certaverat.
1930 1263 2357 1324 Tertiadecima

155 1356 424 1437 Philippi
447 1357 664 1418 thensa
689 1364 1024 1418 accesserat
1037 1375 1056 1424 ς
1099 1355 1268 1416 nulla
1290 1356 1352 1415 in
1379 1375 1445 1414 re
1470 1355 1682 1416 ceteris
1706 1355 1895 1418 vilior.
1978 1361 2079 1419 24.
2110 1358 2179 1417 Id
2200 1377 2355 1420 mer-

153 1453 406 1514 talitatis
431 1452 734 1514 fastidium
773 1461 1004 1512 matura
1031 1451 1180 1512 ultio
1207 1462 1535 1512 consecuta
1577 1462 1706 1511 est:
1750 1465 1811 1511 et
1838 1471 2121 1512 successu
2160 1473 2357 1514 rerum

152 1549 640 1622 insolescentem,
667 1567 850 1626 seque
879 1546 1010 1606 Diis
1039 1545 1465 1607 immortalibus
1493 1555 1853 1624 aequantem‚
1880 1548 2221 1627 priusquam
2262 1549 2357 1608 in-

155 1644 362 1703 debito
387 1644 613 1704 bonore
649 1645 956 1714 frueretur,
1000 1643 1189 1702 fatum
1235 1643 1573 1720 occupavit.
1652 1643 1757 1702 25.
1805 1640 2137 1702 Pausanias
2184 1643 2357 1704 thea-

153 1749 314 1798 trum
337 1739 558 1798 intrare
587 1739 882 1799 volentem
909 1739 1323 1798 observaverat
1340 1749 1380 1797 ε·
1418 1747 1603 1817 utque
1640 1738 1965 1816 praemissis
2006 1737 2227 1808 amicis,
2256 1739 2361 1815 qui

158 1851 298 1896 eum
349 1833 744 1904 deduxerant,
785 1834 1122 1911 relictisque
1169 1851 1208 1892 a
1255 1843 1424 1912 tergo
1474 1831 1835 1893 satellitibus
1880 1833 2043 1909 (nam
2080 1833 2141 1892 in
2187 1841 2363 1894 tanta

159 1928 428 1988 onmium
456 1929 870 1988 benevolentia
909 1927 1054 1988 nihil
1090 1926 1162 1986 iis
1207 1946 1358 2006 opus
1387 1947 1521 1988 esse
1559 1927 1797 1987 volebat
1830 1928 2361 2003 ostendere)'solus

155 2023 638 2102 ingrediebaturz
681 2039 995 2102 percussor
1023 2022 1374 2098 improvisus
1417 2021 1637 2093 assilit,
1678 2020 1995 2102 gladioque
2032 2023 2361 2094 barbarico,

159 2139 346 2200 quem
401 2119 514 2177 sub
567 2129 736 2178 veste
781 2116 1093 2188 habuerat,
1140 2115 1300 2176 latus
1357 2114 1503 2174 nihil
1534 2114 1667 2174 ,tale
1722 2118 2090 2195 expectantis
2144 2117 2363 2179 haurit.

161 2217 267 2276 26.
310 2213 431 2272 Hic
458 2213 572 2272 fuit
615 2213 810 2274 exitus
849 2211 1089 2272 maximi
1125 2210 1324 2270 aetatis
1351 2229 1481 2270 suoe
1516 2229 1747 2288 regum.
1818 2212 2192 2272 Macedoniae
2233 2229 2363 2294 reg-

161 2329 310 2370 num
337 2307 622 2388 mag-num
667 2327 742 2366 ex
783 2303 949 2387 inopi
995 2303 1375 2366 reddideratz
1417 2302 1857 2382 circumjectam
1897 2306 2225 2367 barbariem
2254 2307 2365 2368 do·

163 2414 428 2467 muerat:
473 2402 728 2463 Gracia
753 2402 1118 2482 imposuerat
1152 2402 1408 2480 jug-um:
1450 2411 1579 2461 tum
1622 2401 1801 2461 etiam
1839 2400 2077 2461 Persico
2118 2402 2367 2482 imperio

163 2501 550 2560 imminebatt
585 2499 714 2577 jam
755 2496 976 2557 auxilia
1007 2496 1358 2557 Graecorum
1401 2496 1683 2555 coibant:
1746 2497 1849 2553 27.
1884 2495 2014 2573 jam
2058 2496 2121 2555 in
2156 2498 2365 2559 Asiam

163 2590 596 2677 transjecerant
615 2592 904 2673 premissi
934 2593 1010 2651 ab
1037 2610 1110 2651 eo
1139 2592 1358 2660 duces:
1403 2611 1541 2651 cum
1580 2592 1643 2650 in
1670 2591 1801 2670 ipso
1834 2610 2027 2651 rerum
2076 2593 2367 2671 gerenda·

165 2712 300 2751 rum
355 2690 631 2760 articulo,
687 2686 982 2767 prolixum
1025 2688 1289 2747 victorias
1347 2688 1629 2747 fructum·
1658 2686 1771 2745 sibi
1818 2686 2198 2766 pollicentem
2244 2689 2369 2749 vita

167 2786 466 2847 destituit.
546 2787 650 2844 28.
695 2784 789 2845 Ita
823 2784 1081 2843 maxima
1107 2802 1364 2863 quoeque
1391 2784 1451 2842 in
1484 2781 1709 2842 lubrico
1737 2792 1911 2847 sunt:
1954 2792 2013 2841 et
2038 2782 2369 2845 audacissi-

167 2900 304 2941 mas
323 2898 466 2959 spes
488 2878 793 2938 bominum
819 2878 1066 2957 quilibet
1092 2898 1167 2937 ex
1195 2878 1515 2957 improviso
1540 2895 1715 2936 casus
1744 2874 1955 2934 eludit.
2024 2877 2125 2935 29.
2160 2876 2369 2955 Olym-

165 2980 300 3059 pias
341 2986 648 3055 comperta
687 2986 876 3035 morte
915 2975 1075 3054 regis
1103 2974 1485 3051 Cleopatram
1530 2972 1718 3030 Attali
1757 2988 1954 3029 sorore
1996 2972 2257 3048 genitam
2284 2975 2367 3034 ad

168 3072 560 3153 suspendium
589 3068 790 3149 adegit
805 3088 846 3138 3⁸
879 3080 1088 3129 natum
1115 3090 1191 3128 ex
1209 3088 1284 3129 ea
1309 3067 1517 3147 paucis
1546 3076 1684 3127 ante
1712 3066 1897 3145 patris
1924 3084 2131 3127 necem
2156 3066 2367 3130 diebus

167 3186 420 3248 puerum
461 3167 523 3227 in
568 3183 740 3225 mnes
769 3164 926 3243 pelvi
969 3164 1216 3223 torruit:
1265 3163 1326 3222 in
1373 3163 1623 3223 clientes
1664 3161 1841 3222 etiam
1889 3162 2371 3245 propinquosque

167 3266 301 3343 ejus
328 3261 630 3323 atrocibus
661 3258 966 3338 suppliciis
997 3259 1209 3330 saeviit,
1250 3270 1312 3317 et
1349 3260 1663 3319 occasione
1707 3256 1981 3318 vindicta
2028 3277 2131 3337 per
2162 3262 2371 3323 mulie·

165 3362 336 3419 brem
361 3352 773 3436 impotentiam
799 3353 1206 3419 crudelissime
1231 3372 1344 3413 usa
1369 3363 1484 3414 est.

249 3456 330 3513 X.
382 3455 436 3513 1.
475 3450 598 3510 Sed
625 3447 986 3520 Alexander,
1013 3468 1116 3529 per
1145 3449 1326 3528 cujus·
1357 3449 1688 3508 absentiam
1714 3458 1901 3509 mater
1926 3450 2043 3509 ista
2070 3458 2371 3528 perpetra-

169 3554 391 3618 verat,⁸
414 3557 698 3623 tanquam
725 3545 984 3604 salutare
1019 3544 1207 3615 sidus,
1256 3544 1681 3622 componendis
1710 3545 1889 3603 tantis
1916 3545 2193 3604 fluctibus
2222 3554 2369 3605 tem-

169 3642 444 3723 pestivus
471 3638 716 3700 affulsit.
798 3642 858 3699 2.
899 3636 1134 3719 Quippe
1177 3640 1388 3699 erectis
1414 3642 1476 3699 in
1505 3656 1671 3718 spem
1708 3638 1996 3698 libertatis
2025 3639 2371 3699 Graecorum

169 3736 412 3807 animis,
451 3754 606 3813 quos
653 3733 964 3813 Philippus
1005 3745 1398 3813 oppresserat,
1426 3744 1490 3795 et
1536 3732 2031 3793 tumultuantibus
2060 3735 2121 3793 in
2156 3734 2372 3795 vicinia

172 3832 464 3905 barbaris,
495 3848 570 3890 ne
607 3828 984 3891 Macedoniae
1009 3829 1248 3909 quidem
1275 3827 1607 3909 tranquillae
1635 3846 1728 3887 res
1756 3838 1943 3887 erant.
2029 3831 2086 3891 3.
2132 3829 2373 3893 Attalus

239 4014 268 4048 ⁸
301 4005 500 4058 sustin.
522 4008 686 4056 1¹5⁷.
709 4006 790 4054 ιο.
1380 4000 1399 4031 ⁸
1426 3994 1619 4048 Justin.
1642 3994 1679 4043 Ι.
1694 3992 1731 4043 1.
1753 3993 1978 4041 Pausan.
2000 4002 2125 4040 vm.

243 4086 268 4114 ¹*
297 4080 454 4131 Diod.
471 4080 580 4131 Sic.
605 4094 660 4144 p.
678 4082 796 4129 480.
977 4104 986 4111 ·
1382 4083 1407 4110 ⁸
1440 4075 1587 4123 Ptut.
1605 4071 1757 4123 Alex.
1780 4084 1833 4135 p.
1855 4074 1973 4155 610.

243 4163 266 4189 ⁸
293 4154 506 4221 soaph.
527 4154 743 4223 Antiqq.
765 4166 890 4205 xix.
915 4158 963 4205 1.
