2858 4782
545 359 633 422 54

543 529 612 564 ex
637 513 898 578 Eurydice
931 513 1113 579 Illyria
1142 515 1493 564 Alexandrum
1526 527 1603 562 se·

545 590 769 639 cundum
793 591 887 639 hoc
907 592 1114 640 nomine
1129 589 1475 640 Macedonum
1501 589 1603 638 Re·

545 679 684 728 gem,
706 666 1014 716 Perdiccam
1045 668 1277 728 tertium,
1297 666 1447 729 cujus
1469 664 1603 715 filius

547 741 802 806 Amyntas
825 757 890 792 ex
923 742 1070 808 Cyna
1104 743 1338 806 Philippi
1368 743 1478 792 filia
1500 743 1603 792 En·

545 817 758 880 rydicen
776 818 972 870 Aridaei
985 820 1259 883 conjugem
1279 823 1603 885 procreavit3

545 892 843 956 Philippum
855 895 1138 944 secundum
1152 895 1437 946 Alexandri
1455 899 1602 962 Mag-

545 967 598 1017 ni
620 977 855 1032 patrem3
889 982 946 1020 et
967 972 1247 1034 Euryonen
1287 973 1465 1036 filiam,
1488 991 1602 1039 quae

543 1046 767 1094 scelesta
785 1047 957 1095 matris
975 1048 1192 1098 consilia
1208 1049 1340 1114 patri
1361 1049 1568 1100 detexit
1586 1067 1600 1101 ε

545 1135 612 1170 ex
635 1121 855 1186 Gygaia,
875 1123 959 1173 vel
993 1117 1054 1172 ut
1077 1125 1168 1174 alii
1197 1125 1435 1176 scribunt
1464 1127 1601 1190 Cyg-

545 1198 679 1257 noee,
732 1197 1060 1262 Archelaum,
1106 1200 1371 1266 Argeum,
1421 1203 1604 1252 Mene·

543 1271 715 1320 laum:
750 1287 818 1322 ex
871 1275 1061 1336 pellice
1117 1290 1374 1341 anonyma
1427 1278 1606 1328 Ptole·

543 1361 730 1396 maeum
767 1357 1108 1412 cognomento
1142 1351 1160 1379 ⁴
1183 1352 1434 1402 Aloritem
1454 1353 1485 1416 ;'
1516 1355 1605 1419 qul

545 1422 889 1473 Philoxenum
922 1427 1120 1490 genuit,
1154 1429 1302 1492 cujus
1326 1431 1605 1494 posteritas

543 1509 611 1547 no
669 1498 923 1562 proditur.

608 1585 650 1622 1.
685 1573 957 1640 Philippus
975 1577 1301 1630 Macedonia
1333 1581 1450 1631 Rex
1472 1583 1608 1632 occi-

547 1663 634 1698 sus
657 1664 686 1699 a
708 1651 964 1702 Pausania
987 1669 1120 1704 anno
1141 1657 1310 1706 etatis
1331 1661 1414 1706 46.
1437 1665 1609 1708 sustu·

544 1724 610 1774 lit
632 1739 696 1773 ex
720 1725 1032 1791 Olympiade
1074 1729 1425 1781 Alexandrum
1461 1733 1608 1795 Mag·

545 1815 664 1851 num
693 1810 748 1852 et
773 1805 1126 1868 Cleopatram,
1150 1806 1449 1858 Alexandro
1488 1809 1608 1872 Epi-

545 1883 676 1926 τοίω
710 1879 968 1929 avunculo
993 1895 1084 1930 suo
1115 1887 1361 1944 nuptam3
1391 1897 1461 1932 ex
1502 1883 1610 1933 Au-

544 1953 667 2000 data
687 1952 869 2016 Illyria
891 1955 1110 2018 Cynam,
1140 1959 1449 2007 collocatam
1469 1974 1499 2008 a
1521 1974 1611 2022 pa·

546 2033 628 2076 tre
661 2026 906 2091 Amynta
946 2031 1188 2092 patrueli,
1211 2039 1396 2095 postea
1425 2033 1493 2082 ab
1516 2033 1608 2084 Al-

546 2113 669 2154 ceta
715 2105 984 2156 Perdicca
1025 2105 1190 2158 fratre
1237 2109 1609 2173 interemtam3

546 2193 616 2230 ea
651 2179 1007 2244 Nicasipolide
1045 2183 1252 2234 Pheres
1289 2187 1614 2236 Tltessaloni·

549 2269 687 2316 cam‚
739 2270 892 2320 quam
963 2259 1253 2311 Cassander
1307 2263 1487 2313 duxit:
1542 2278 1611 2313 ex

547 2331 834 2396 Cleopatra
883 2347 1062 2386 sorore
1115 2337 1285 2387 Attali
1327 2339 1611 2404 Europam,

549 2422 704 2472 quam
725 2409 778 2457 in
801 2412 996 2473 gremio
1020 2413 1202 2463 matris
1237 2428 1449 2464 necasse
1484 2415 1611 2465 dici·

549 2492 635 2532 tur
659 2486 958 2549 Olympius;
992 2495 1047 2537 et
1081 2488 1358 2551 Caranum,
1379 2504 1535 2556 quem
1556 2496 1613 2541 et

547 2561 717 2623 ipsum
771 2562 1059 2613 crudeliter
1111 2562 1380 2615 interfecit
1429 2566 1611 2617 eadem

546 2648 797 2687 noverca:
829 2650 897 2685 ex
919 2635 1161 2699 Arsinoii,
1181 2654 1334 2705 quatu
1371 2640 1613 2705 impraeg-

547 2716 726 2761 natam
783 2712 926 2775 Lago
981 2714 1216 2776 tradidit,
1271 2714 1613 2767 Ptolemoenm

547 2784 763 2851 Egypti
799 2787 1024 2850 Regem:
1061 2804 1128 2839 ex
1166 2790 1423 2853 Pliylinna
1457 2793 1614 2843 salta-

549 2864 680 2915 trice
705 2864 960 2915 Larissoea
977 2865 1259 2924 Aridoeum.
1275 2868 1365 2933 qui
1381 2869 1617 2919 extincto

547 2940 714 2991 fratre
739 2941 1037 2993 Alexandro
1059 2944 1266 3006 imperii
1285 2945 1615 2995 simulacrum

548 3030 646 3080 per
666 3018 965 3066 sexennium
987 3020 1191 3078 tenuitg
1221 3020 1414 3069 deinde
1433 3021 1617 3083 Olym-

551 3091 693 3155 plsdi
727 3091 984 3154 proditus,
1009 3100 1067 3141 et
1103 3093 1400 3142 immaniter
1434 3108 1615 3143 exeae-

553 3165 789 3214 nificatus
833 3166 991 3214 vitam
1038 3172 1094 3217 et
1143 3166 1362 3228 stirpem
1411 3168 1613 3231 Regum

550 3240 1014 3367 glacedouicorunt
1048 3257 1115 3292 ex
1139 3243 1358 3293 Herculi
1392 3243 1613 3307 posteris

589 3316 700 3367 uiit.

800 3446 1128 3499 Murranum
1147 3448 1194 3499 G
1205 3460 1269 3497 aa
1279 3461 1356 3499 us.

615 3560 738 3597 vm.
771 3545 1004 3611 Pyrrhus
1029 3548 1246 3597 Achillis
1275 3547 1408 3599 filius
1429 3564 1496 3598 ex
1520 3549 1617 3599 La·

553 3637 706 3674 nassa
741 3622 1004 3673 Cleodeaei
1027 3625 1328 3676 Heraclida
1359 3624 1469 3675 filia
1494 3626 1618 3676 tulit

550 3700 826 3765 Pyrrhum,
848 3698 1086 3763 Alema,
1121 3701 1426 3751 Ethnestam
1444 3708 1501 3751 et
1520 3699 1617 3750 foe-

987 371 1451 422 ALEXANDRI
1501 371 1744 420 MAGNI
1794 371 2311 422 GRNBALOGIA.

1683 512 1844 563 minas
1862 513 2087 580 quinque
2106 530 2123 576 ;
2145 528 2213 564 ex
2230 513 2583 564 Andromacha
2596 515 2727 566 Hec-

1684 591 1813 639 toris
1862 591 2017 641 vidua
2055 591 2359 652 Molossum,
2390 589 2613 652 Pielum,
2648 593 2728 656 qui

1681 666 1945 729 sequitur:
1980 674 2037 716 et
2053 667 2384 731 Amphialum
2399 675 2727 730 cognomento
2821 716 2822 720 ,

1678 739 1697 769 ⁴
1720 741 2075 804 Pergamum?

1750 831 1852 869 vu.
1884 818 2086 881 Pielus,
2108 819 2199 884 qui
2232 826 2294 868 et
2328 818 2581 882 Pylades,
2614 832 2729 882 quos

1681 896 1875 945 liberos
1894 897 2133 958 genuerit
2158 909 2261 946 nou
2294 895 2570 958 reperitur.
2634 893 2733 942 Hs-

1682 970 1857 1020 buisse
1881 978 2055 1020 autem
2088 979 2291 1020 certum
2326 975 2410 1019 est
2432 984 2499 1018 ex
2520 983 2587 1019 eo
2606 968 2733 1032 quod

1684 1046 1966 1096 Pausanias
1990 1047 2171 1096 scribit
2206 1045 2485 1110 Pyrrhum,
2506 1045 2593 1110 qui
2628 1058 2733 1093 cum

1683 1123 1929 1174 Romanis
1984 1123 2175 1172 bellum
2247 1121 2429 1185 gessit,
2495 1119 2734 1184 originem

1682 1212 1823 1246 snam
1843 1198 1908 1247 ad
1931 1198 2068 1247 hunc
2092 1197 2345 1247 retulisse.

1747 1284 1824 1322 vt.
1860 1269 2045 1322 Alcon.
2082 1271 2252 1335 Hujus
2288 1268 2649 1334 progenitores
2668 1267 2737 1329 ig·

1680 1351 1954 1407 not-antur,
1974 1347 2071 1395 nisi
2102 1345 2243 1410 quod
2277 1349 2485 1394 constat
2518 1357 2629 1393 eum
2664 1341 2739 1392 su·

1682 1422 1783 1473 isse
1806 1437 1872 1472 ex
1896 1423 2030 1472 Pieli
2050 1423 2295 1487 posteris.

1753 1513 1802 1549 v.
1838 1498 2091 1549 Admetus
2134 1499 2284 1562 Epiri
2315 1497 2449 1556 Rex,
2486 1495 2555 1544 ad
2598 1508 2739 1558 quem

1684 1576 2057 1626 Themistocles
2100 1573 2365 1638 confugit3
2408 1572 2642 1634 suscepit
2680 1584 2741 1618 ex

1691 1651 1883 1701 Phthia
1906 1651 2127 1713 conjuge
2150 1648 2456 1712 Arymbam.

1753 1739 1832 1775 ιν.
1868 1725 2139 1790 Arymbas,
2160 1723 2248 1788 qui
2272 1721 2495 1771 Athenis
2520 1721 2743 1771 eraditus

1688 1811 2025 1868 posteaquam
2048 1801 2113 1850 ad
2150 1813 2367 1864 regnum
2392 1799 2657 1863 pervenit,
2676 1797 2743 1846 le-

1688 1894 1782 1944 ges
1816 1886 1875 1929 et
1904 1885 2138 1928 senatum
2164 1889 2461 1940 annuosque
2480 1875 2744 1936 magistra·

1691 1963 1773 2004 tus
1792 1964 1846 2003 et
1869 1953 2194 2016 Reipublicte
2208 1949 2427 2000 formam
2444 1951 2747 2013 composuit.

1688 2031 1920 2081 Vocatur
1943 2037 1997 2080 et
2017 2028 2430 2093 Tharymbas,et
2450 2027 2751 2090 Uarrytas,

1688 2115 1747 2158 et
1774 2107 2033 2171 Tharyps,
2052 2114 2109 2157 et
2138 2105 2415 2168 Titaripus,
2436 2110 2498 2154 ut
2527 2103 2665 2156 solet
2698 2102 2747 2150 in

1688 2183 1997 2234 nominibus.

1754 2271 1845 2309 ιιι.
1876 2258 2091 2308 Alcetas
2130 2256 2277 2320 Epiri
2316 2255 2453 2317 Rex,
2472 2255 2567 2320 qui
2599 2254 2749 2305 esais

1690 2334 1869 2399 pulsus
1892 2339 2013 2398 post
2030 2331 2241 2382 exilium
2276 2329 2415 2394 apud
2448 2329 2749 2394 Dionysium

1689 2410 1882 2460 Sicilie
1902 2411 2197 2473 hunnum
2235 2406 2303 2457 ad
2327 2420 2543 2469 regnum
2582 2404 2751 2465 rediit,

1692 2483 1987 2549 procrearit
2008 2482 2409 2545 Neoptolemum
2430 2479 2753 2545 Olympiadis

1693 2570 1915 2627 patrem,
1938 2568 1994 2610 et
2011 2558 2301 2624 Arybbam.

1757 2650 1822 2689 ιι.
1856 2637 2233 2701 Neoptolemus
2276 2633 2425 2699 Epiri
2468 2634 2590 2683 Rex
2642 2648 2754 2686 cum

1694 2714 1909 2779 Arybba
1930 2712 2095 2763 fratre
2119 2724 2333 2775 regnum
2366 2710 2615 2775 partitus,
2635 2710 2760 2759 libe·

1698 2804 1780 2839 ros
1813 2789 1996 2839 habuit
2035 2786 2412 2846 Alexandrum,
2446 2787 2537 2850 qui
2578 2785 2757 2848 Magni

1696 2879 1929 2915 sororem
1964 2864 2297 2926 Cleopatram
2342 2861 2395 2911 ia
2432 2861 2757 2911 matrimonio

1694 2944 1895 3004 habuit,
1916 2948 1971 2992 et
1992 2942 2130 2991 bello
2151 2942 2205 2991 in
2245 2940 2398 2989 Italia
2432 2944 2586 3001 gesto
2608 2952 2757 2989 occu·

1694 3020 1809 3071 buit
1828 3036 1844 3081 3
1876 3018 2299 3083 Neoptolemum,
2315 3014 2574 3066 Troadem
2599 3015 2759 3078 Aryb-

1696 3095 1779 3141 διο
1806 3106 1813 3119 ·
1836 3100 2025 3155 patruo
2086 3100 2339 3155 naptam3
2392 3090 2759 3155 Olympiadem

1694 3166 1981 3217 Alexandri
2002 3174 2311 3224 matrem,et
2332 3166 2624 3229 cadmiam,
2646 3181 2758 3232 que

1692 3242 1910 3293 insidias
1931 3258 1964 3293 a
1985 3244 2335 3307 Neoptolemo
2350 3242 2517 3293 fratre
2540 3244 2595 3292 in
2628 3243 2759 3305 Pyr·

1692 3320 1839 3367 rhum
1859 3316 2111 3369 conflatas
2132 3319 2381 3384 prodidit.

1764 3410 1805 3446 ι.
1838 3396 2111 3459 Olympias
2161 3402 2281 3459 post
2322 3394 2615 3445 Alexandri
2670 3394 2762 3443 filii

1696 3480 1938 3535 mortem,
1964 3486 2081 3522 cum
2122 3475 2285 3523 multa
2322 3474 2411 3522 dia
2450 3474 2761 3523 ambitiosis-

1694 3552 1828 3601 sime
1842 3557 1999 3615 atque
2012 3548 2369 3600 crudelissime
2380 3548 2611 3610 fecisset,
2622 3549 2761 3612 Pyd-

1692 3640 1779 3677 na
1816 3642 1849 3677 a
1884 3626 2175 3677 Cassandro
2216 3632 2373 3690 capta
2408 3630 2563 3691 atque
2600 3627 2759 3675 inter·

1693 3702 1838 3753 fecta
1858 3710 1955 3752 est.

617 3860 920 3913 Alexander
937 3864 1164 3927 Magnus
1185 3878 1250 3914 ex
1269 3864 1491 3915 Barsine
1512 3864 1759 3915 Artabazi
1782 3866 1888 3916 lilia
1910 3866 2093 3930 genuit
2114 3865 2393 3917 Herculem
2414 3880 2431 3927 ς
2462 3866 2552 3931 qni
2574 3874 2763 3930 postea

555 3952 691 3989 anuo
729 3944 903 3992 uitatis
943 3944 1146 3995 decimo
1178 3952 1330 3996 sexto
1352 3961 1381 3995 a
1406 3945 1855 4010 Polyspercltonte
1890 3946 2095 3997 occisus
2118 3953 2201 3996 est
2220 3963 2236 3995 z
2273 3959 2341 3995 ex
2366 3946 2579 3995 Roxane
2616 3943 2763 4009 Oxy·

555 4026 686 4070 artae
713 4019 815 4071 filia
838 4022 1194 4075 Alexandrum
1217 4026 1543 4088 Postumum,
1560 4039 1713 4091 quem
1731 4024 2022 4076 Cassander
2040 4022 2309 4075 interfecit
2337 4039 2350 4073 ε
2387 4039 2453 4074 ex
2472 4024 2761 4089 Cleophide

559 4099 765 4164 Regina
785 4100 968 4152 Indica
991 4104 1363 4171 Alexandrum,
1385 4106 1473 4171 qui
1497 4112 1681 4170 postea
1700 4105 1881 4156 matris
1904 4106 2175 4181 imperium
2202 4104 2386 4155 tenuit.
