2858 4782
1026 371 1380 426 ιιιοαιιιιυ
1391 376 1466 424 ιι.
2243 371 2327 437 11

143 521 252 580 tur
279 512 654 580 Alexandri
685 511 1016 591 Historia,
1043 533 1248 596 quam
1275 515 1451 582 inter
1476 513 1783 595 Graecos,
1808 518 2044 586 eodem
2074 525 2153 584 ut
2186 535 2347 594 crea

143 615 324 681 ditur
351 613 668 692 consilio,
689 612 833 697 jam
859 614 1219 697 scripserat
1238 614 1635 685 Clitarchus.
1664 617 2002 686 -Romano
2020 619 2328 698 Rhetori,

141 715 318 779 unde
341 715 606 779 veriora
625 714 886 778 haurire
909 723 1165 798 posset,
1187 734 1320 782 non
1339 731 1585 800 magna
1604 725 1749 784 erat
1764 739 1925 786 eura
1946 741 1967 801 ς
1993 737 2330 804 campum,

143 818 210 880 in
231 835 377 900 quo
405 835 518 882 ars
545 816 844 882 exultare
870 821 1130 900 posset,
1157 817 1512 897 invenisse,
1540 820 1707 886 satis
1725 821 2046 886 habebat.
2131 821 2329 886 Sum·-

143 936 256 982 ma
278 925 428 982 tum
451 937 614 985 cura
637 923 808 996 erat,
825 917 1266 984 ult-orationes
1285 919 1731 988 ornatissima
1764 927 1835 986 et
1854 920 2329 1004 descriptiones

143 1018 424 1100 tragicae
463 1016 578 1082 vel
624 1035 716 1083 ex
745 1016 994 1082 Graeco
1023 1020 1437 1102 transcriptae
1488 1021 1601 1087 vel
1645 1040 1881 1088 recens
1930 1021 2327 1105 compositas

139 1137 360 1185 rerum
387 1126 726 1202 gestarum
755 1117 950 1182 seriei
979 1133 1103 1182 suo
1134 1137 1431 1202 quaeque
1463 1119 1619 1198 loco
1644 1120 2099 1198 insererentur,
2124 1126 2326 1205 atque

143 1219 428 1284 invicem
450 1217 824 1284 Historiam
855 1226 1183 1285 ornarent.
1271 1219 1567 1304 Reliqua
1590 1239 1773 1300 vero,
1800 1226 1876 1287 ut
1900 1222 2074 1286 bene
2100 1239 2325 1286 narra-

137 1327 382 1396 rentur,
421 1337 696 1402 operam
723 1319 1000 1403 quidem
1026 1319 1230 1398 dedit,
1259 1321 1380 1386 sed
1408 1329 1685 1405 propter
1722 1323 2201 1408 imperfectam.
2222 1343 2326 1390 re-

141 1441 286 1486 rum
319 1419 676 1487 Histoi-ico
701 1421 1226 1488 necessariarum
1253 1423 1621 1488 doctrinam
1670 1423 1739 1488 in
1780 1423 2026 1490 multos
2070 1445 2325 1492 errores

141 1521 477 1605 abreptus
505 1528 674 1588 est.-
1381 1543 1391 1554 ·

136 1677 149 1684 -
224 1623 736 1707 Exemplar-ima
757 1622 972 1690 Curtii
1014 1623 1607 1710 manuscriptorum
1648 1627 1846 1710 plura
1890 1627 1979 1694 ad
2020 1635 2323 1694 nostram

141 1732 408 1794 aetatem
437 1733 894 1809 pervenerunt,
911 1726 1038 1792 sed
1063 1727 1315 1792 accidit
1335 1727 1597 1806 Curtio,
1622 1727 1803 1811 quod
1822 1726 2107 1795 Arriano
2138 1729 2323 1796 aliis-

137 1845 310 1912 que,
321 1833 404 1892 ut
425 1845 656 1892 omnes
685 1825 978 1898 Codices
1027 1827 1414 1910 superstites
1458 1847 1551 1892 ex
1595 1847 1729 1894 uno
1782 1830 2057 1912 antiquo
2099 1849 2325 1896 exem-

137 1928 308 2010 plari
339 1946 560 2010 eoque
579 1927 726 2010 jam
771 1929 1012 1992 mutilo
1039 1927 1353 2020 originem
1383 1929 1755 2009 traxerint3
1798 1929 2133 2012 perierunt
2155 1931 2325 1996 liber

135 2029 394 2111 primus
419 2035 492 2094 et
517 2029 876 2105 secundus,
897 2035 1106 2110 atque
1125 2028 1194 2092 in
1222 2029 1693 2112 superstitibus
1708 2030 1931 2113 plures
1953 2029 2088 2095 loci
2115 2031 2322 2096 modo

137 2129 442 2213 majoris,
485 2128 686 2194 modo
700 2128 1004 2195 ··minoris
1049 2129 1362 2198 ambitus.
1449 2128 1669 2208 Quem
1698 2129 2031 2196 desectum
2058 2138 2136 2197 ut
2162 2151 2321 2216 sup-

137 2230 418 2313 plerent,
493 2235 628 2294 tres
701 2229 1132 2314 potissimum
1197 2229 1324 2294 viri
1388 2230 1573 2296 docti
1648 2248 1921 2314 operam
1974 2229 2319 2308 dederunt,

137 2329 523 2415 christoph.
544 2331 802 2409 Bruno,
830 2328 1020 2396 Juris
1045 2329 1390 2415 utriusque
1415 2330 1848 2409 Licentiatus,
1890 2329 2321 2417 ejusdemque

138 2448 218 2498 ac
265 2434 594 2499 bonarum
641 2433 978 2499 literarum
1033 2430 1372 2516 quondam
1446 2432 1797 2497 Professor
1834 2430 2197 2498 Monacbii
2248 2435 2321 2501 in

135 2533 394 2601 Schola
441 2531 746 2611 Ροὸῐίοιι,
791 2533 1161 2611 amborum,
1206 2534 1326 2617 qui
1367 2534 1439 2598 in
1492 2532 1821 2616 principio
1862 2530 2321 2601 desiderantur

133 2634 458 2701 librorum
485 2634 1036 2719 Supplementum
1059 2635 1613 2717 compendiosum
1644 2635 1929 2729 collegit,
1948 2635 2133 2718 quod
2162 2654 2321 2700 cum

133 2737 370 2803 Curtio
397 2736 719 2802 edebatur
741 2736 1040 2802 Basileae
1067 2737 1262 2801 1545.
1307 2735 1454 2801 Fol.
1482 2743 1551 2801 et
1578 2742 1827 2819 postea
1856 2754 2047 2819 saepe
2072 2734 2321 2819 repeti-

139 2844 270 2903 tum
319 2844 450 2903 est.
535 2836 760 2920 AEque
805 2836 1286 2919 compendiosa
1329 2840 1484 2901 sunt
1530 2836 1993 2919 christophori
2044 2836 2317 2901 Cellarii

133 2938 618 3023 supplementa
663 2938 818 3003 libri
853 2956 902 3003 ι.
943 2945 1016 3003 et
1059 2953 1142 3002 ιι.
1187 2944 1390 3021 atque
1439 2937 1827 3001 lacunarum
1873 2936 2319 3018 posteriorum

133 3038 474 3114 librorum,
523 3036 718 3107 1688.
821 3040 998 3117 Quae
1047 3037 1439 3117 exciderint,
1487 3034 1823 3120 quomodo
1874 3036 2135 3119 singula
2178 3036 2317 3103 dis-

133 3146 416 3225 pensata
441 3138 710 3217 fuerint,
739 3139 978 3221 paucis
1023 3140 1326 3222 exponit,
1375 3142 1573 3221 atque
1618 3136 1685 3200 in
1732 3135 1981 3202 notulis
2030 3136 2319 3221 adjectis

125 3248 444 3307 auctores
499 3258 664 3307 suos
721 3245 1036 3307 recenset.
1153 3239 1455 3322 Utroque
1525 3239 1725 3320 longe
1782 3238 2119 3322 copiosior
2176 3238 2314 3305 fuit

133 3340 652 3417 Freinshemius,
679 3340 796 3423 qui
833 3358 1064 3405 omnes
1089 3340 1368 3405 lacunas
1395 3340 1702 3423 explevit
1728 3338 1921 3403 1648.
2006 3338 2119 3403 Ex
2144 3358 2317 3423 quo·

123 3444 230 3509 ‚vis
255 3457 502 3526 genero
529 3442 932 3525 scriptorum
976 3439 1302 3525 quicquid
1345 3440 1485 3505 buc·
1524 3440 1906 3523 spectabat,
1956 3439 2170 3504 multo
2215 3441 2316 3505 la-

133 3546 288 3611 bore
327 3543 617 3626 oolle'git,
655 3550 728 3608 et
765 3542 836 3607 iu
889 3560 1092 3607 unum
1143 3560 1388 3624 corpus
1432 3540 1796 3623 congessit,
1839 3538 2015 3604 unde
2059 3539 2317 3608 sactum

10 3674 12 3683 ·
130 3644 400 3729 quidem
447 3652 576 3720 est,
619 3650 696 3709 ut
720 3663 882 3709 vera
909 3651 978 3710 et
1001 3641 1182 3708 falsa
1200 3640 1227 3679 δ
1268 3642 1651 3727 promiscue
1693 3641 2027 3723 legantur,
2078 3644 2317 3709 merito

133 3766 282 3811 vero
309 3764 452 3831 prae
479 3744 750 3829 reliquis
777 3763 927 3809 eam
955 3744 1044 3810 ob
1061 3762 1338 3810 causam
1366 3742 1701 3821 laudatur,
1720 3743 1907 3826 quod
1936 3760 2059 3806 suo
2087 3742 2315 3809 labore

183 3951 209 3987 ὗ
241 3952 347 4007 Ex.
387 3966 436 4005 e.
477 3958 562 4005 sat
563 3953 656 4003 tim
695 3954 748 4004 iu
779 3952 1058 4019 principio,
1095 3946 1186 4001 ubi
1266 3952 1553 4005 Ptolemou
1556 3967 1605 4003 ιιι
1632 3950 1951 4017 potissimum
1968 3960 2027 4004 et
2046 3952 2317 4004 Aristobu-

129 4026 486 4077 Certiinomin
489 4024 865 4077 eeoniusdftb
889 4026 1038 4089 bajus
1013 4026 1643 4078 anis-muomactm
1676 4035 2066 4079 ιοοοιιιιιιιιω
2086 4027 2312 4089 3atfal·

127 4100 324 4152 totins
299 4102 486 4165 scripsi
445 4102 512 4151 nit
533 4104 562 4167 ς
586 4105 731 4151 1-6.
795 4100 974 4151 Habet
995 4100 1138 4149 illae
1259 4118 1370 4155 sum
1391 4110 1473 4155 est
1494 4102 1561 4155 de
1585 4102 1787 4168 Curtio,
1806 4110 1865 4155 ut
1888 4118 2046 4170 supra
2066 4104 2259 4157 ιιιοιιιιί.

10 4238 12 4257 Ι
133 4176 674 4229 ΑπίιῃίΡιεῆιίοοιι
678 4190 1020 4241 ,ιιιιιιιιιωνο
963 4184 1178 4227 mmest
