2858 4782
467 285 556 351 92
1261 300 1320 348 J.
1369 296 1873 347 rnnmsnnun

468 448 570 501 tos
589 438 814 519 imperii
841 440 1087 499 aemulos
1128 438 1457 509 habiturus,
1502 454 1745 516 operam
1774 436 1963 510 daret,
1990 454 2111 514 quo
2138 436 2411 497 omnibus
2450 436 2681 496 melior

467 535 980 613 praestantiorque,
1009 554 1130 593 non
1167 536 1248 593 ob
1275 531 1618 610 Philippum
1660 541 1907 609 patrem,
1936 532 2046 591 sed
2071 550 2145 590 ex
2170 550 2281 591 suo
2308 532 2539 603 merito,
2564 550 2681 589 re-
2786 550 2791 554 ·

469 648 596 687 rum
635 628 806 708 potiri
834 621 1198 689 videretur-’¹
1293 630 1387 686 14.
1427 626 1581 685 Cum
1610 636 1809 685 autem
1836 628 1911 684 ob
1940 626 2047 685 has
2076 626 2416 704 similesque
2443 644 2683 684 causas

467 722 676 783 crebra
730 721 1057 782 inciderent
1101 722 1320 801 jurgia,
1369 740 1485 781 nec
1533 722 1785 799 abrupta
1838 721 2019 780 semel
2072 720 2486 780 benevolentia
2536 719 2680 778 fido

471 814 686 875 affectu
705 815 1100 884 coalesceret;
1143 816 1222 876 ad
1247 826 1514 875 extrema
1540 814 1803 893 prolapsi
1832 826 1991 887 sunt,
2022 815 2323 894 praecipua
2352 812 2681 893 Olympia-

469 908 562 969 dis
590 909 887 982 violentia,
914 911 974 969 in
1005 930 1125 990 qua
1149 911 1581 972 contumaciam
1610 929 1787 969 sexus
1816 912 2114 989 ingenium
2132 922 2363 969 vastum
2394 922 2456 969 et
2481 908 2681 968 vehe—

469 1022 637 1065 mens
666 1004 818 1063 virili
844 1006 1064 1065 scelere
1091 1007 1151 1065 in
1179 1006 1501 1066 vindictam
1530 1008 1816 1066 armabat.
1884 1007 2299 1065 stimulaverat
2322 1024 2397 1065 ea
2422 1004 2681 1063 fratrem

471 1098 898 1171 Alexandrum,
937 1113 1004 1159 ut
1033 1102 1310 1180 Philippo
1337 1101 1561 1161 bellum
1597 1101 1840 1160 faceret.
1928 1102 2023 1159 15.
2067 1100 2136 1157 Id
2178 1118 2253 1158 ne
2290 1098 2485 1157 alieno
2512 1106 2683 1157 tem-

469 1214 614 1273 pore
641 1196 910 1275 excipere
939 1207 1268 1275 cogeretur,
1295 1196 1550 1256 callidus
1596 1214 1720 1268 rex,
1748 1214 2087 1274 quanquam
2128 1196 2347 1255 viribus
2389 1194 2529 1273 plus
2556 1214 2685 1272 po·

471 1298 646 1361 terat,
689 1292 920 1352 firmata
963 1312 1068 1371 per
1115 1310 1330 1352 novam
1375 1292 1723 1352 affinitatem
1784 1292 1981 1367 gratia
2032 1290 2355 1370 praevenire
2409 1289 2679 1361 studuit,

473 1380 776 1461 desponsa
803 1387 1060 1465 Epirotae
1089 1386 1410 1447 Alexandri
1440 1404 1741 1464 germana,
1772 1384 2151 1464 Cleopatra-¹¹¹
2238 1386 2331 1443 16.
2374 1377 2473 1442 Ad
2514 1383 2695 1451 istas,

473 1479 709 1556 nuptias
753 1480 1140 1540 celebrandas
1183 1480 1559 1541 finitimarum
1614 1479 1881 1557 gentium
1931 1476 2141 1557 reguli,
2202 1476 2683 1556 Graecarumque

473 1572 774 1634 civitatum
803 1576 986 1655 legati
1015 1579 1354 1655 frequentes
1383 1578 1567 1654 AEgas
1594 1584 2023 1635 convenerant:
2064 1573 2128 1641 id
2157 1573 2439 1652 oppidum
2467 1572 2687 1651 elege-

465 1679 567 1729 tat
592 1669 923 1749 Philippus,
959 1690 1081 1731 non
1129 1672 1256 1731 sine
1283 1672 1547 1750 quodam
1574 1672 1771 1731 omine
1812 1690 2035 1741 eorum,
2074 1688 2215 1747 quoe
2258 1678 2470 1747 postea
2508 1670 2681 1727 acci-

469 1762 647 1831 dere3
688 1784 826 1825 uam
867 1766 948 1825 ibi
993 1766 1397 1825 Macedonum
1434 1785 1604 1843 reges
1634 1765 1866 1844 sepeliri
1892 1783 2023 1823 mos
2050 1770 2222 1821 erat.¹²
2308 1764 2402 1822 17.
2450 1761 2686 1821 Ferunt

473 1857 652 1917 etiam
681 1859 1017 1939 Apollinem
1039 1861 1398 1939 Delphicum
1438 1861 1515 1919 de
1550 1860 1707 1921 bello
1738 1860 1979 1920 Persico
2007 1858 2343 1918 consulenti
2372 1868 2681 1917 maturum

471 1951 772 2015 interitum
803 1956 1109 2015 cecinisse.
1192 1954 1312 2014 Sed
1343 1955 1705 2033 ambiguum,
1731 1964 1801 2015 ut
1831 1972 1961 2013 mos
1998 1951 2276 2024 oraculis,
2316 1971 2681 2030 responsum

473 2044 788 2125 Philippus
817 2050 893 2109 ad
925 2050 1304 2111 barbarorum
1333 2049 1575 2109 exitium
1602 2049 1825 2110 blanda
1851 2048 2333 2127 interpretatione
2358 2052 2683 2108 traxeram*

471 2140 612 2217 Alia
651 2162 894 2223 quoque
938 2140 1250 2224 praesagia,
1297 2165 1434 2223 quae
1484 2156 1609 2205 tum
1652 2164 1831 2209 nemo
1872 2143 2386 2215 animadverterat,
2418 2158 2679 2203 eventus

469 2238 844 2299 monstravit.
933 2242 1028 2299 18.
1072 2240 1215 2301 Erat
1239 2240 1392 2302 inter
1418 2239 1700 2300 custodes
1727 2239 1875 2319 regii
1894 2240 2155 2319 corporis
2184 2238 2513 2298 Pausanias
2537 2241 2683 2317 qui-

472 2331 636 2406 dam,
681 2353 856 2413 quem
899 2336 964 2395 in
1012 2336 1288 2404 solatium
1331 2346 1597 2417 acceptae
1646 2337 1723 2396 ab
1753 2336 1959 2398 Attalo
1986 2334 2236 2414 injuriae,
2274 2352 2378 2395 rex
2420 2335 2480 2394 in
2528 2354 2679 2394 eum

473 2427 778 2506 dignitatis
829 2430 1079 2508 gradum
1127 2443 1511 2510 provexerat:
1553 2432 1775 2512 quippe
1820 2431 2179 2492 Pausaniam
2218 2431 2458 2490 Attalus
2507 2449 2683 2490 mero

474 2533 754 2590 onustum
811 2525 1048 2584 nefariis
1103 2526 1483 2586 convivarum
1530 2527 1799 2586 ludibriis
1850 2537 2225 2605 exposuerat.
2330 2527 2427 2586 19.
2472 2526 2680 2605 Hujus

473 2614 760 2680 ultionem
789 2637 922 2678 cum
953 2637 992 2676 a
1017 2639 1156 2697 rege
1179 2628 1428 2697 peteret,
1458 2620 1743 2681 honorem
1770 2623 2022 2700 accepit.
2093 2619 2327 2682 Etenim
2356 2621 2682 2700 Philippus

473 2711 662 2779 ‚virum
689 2724 974 2794 spectatae
1005 2714 1065 2772 in
1095 2714 1252 2774 bello
1283 2715 1664 2790 fortitudinis,
1708 2717 1784 2776 ad
1814 2717 1929 2778 boc
1958 2735 2145 2796 nuper
2171 2716 2503 2795 propinqua
2539 2719 2681 2778 affi-

471 2808 659 2878 nitate
683 2809 1068 2888 conjunctum
1095 2809 1308 2888 punire
1337 2811 1491 2870 adeo
1518 2830 1639 2870 non
1668 2811 1968 2884 sustinuit,
1996 2820 2063 2870 ut
2086 2812 2330 2892 insuper
2364 2813 2683 2890 copiarum

471 2905 630 2981 parti
657 2904 1000 2981 praefectum
1027 2924 1164 2964 cum
1192 2904 1585 2966 Parmenione
1630 2917 1693 2966 et
1736 2907 1995 2984 Amynta
2022 2906 2084 2964 in
2112 2906 2315 2964 Asiam
2350 2907 2680 2986 praemitte-

470 3005 618 3069 ἐἴθ
653 3015 834 3076 opera
883 3000 1012 3076 ejus
1057 3019 1274 3059 usurus
1317 3001 1380 3058 in
1416 3001 1791 3082 expeditione
1822 3000 2086 3062 Persica.
2169 3004 2270 3061 20.
2312 3001 2681 3064 Pausaniam

476 3102 679 3156 antem
707 3103 1008 3170 rogamm2
1044 3101 1060 3128 ‘
1088 3104 1155 3153 ut
1187 3095 1300 3172 ipsi
1328 3096 1810 3174 temporibusque
1836 3096 2177 3174 reipublicae
2204 3095 2470 3162 dolorem
2498 3115 2682 3157 suum

477 3187 886 3259 condonaret,’
911 3189 1192 3256 comitate
1209 3189 1453 3269 alloquii
1472 3201 1535 3252 et
1550 3190 1888 3251 honestiore
1911 3190 2207 3269 stipendio
2227 3190 2463 3266 placare
2488 3208 2683 3252 cona-

474 3292 578 3342 tus
621 3293 736 3342 est.
817 3283 940 3344 Sed
993 3285 1344 3347 adolescens
1399 3287 1681 3366 majorem
1730 3286 2123 3352 contumeliae.
2172 3303 2353 3364 quam
2400 3287 2681 3346 beneficii

475 3377 766 3438 rationem
811 3377 1047 3440 habuit:
1111 3379 1433 3460 odiumque
1481 3383 1557 3441 ab
1600 3391 1843 3441 auctore
1882 3381 2133 3460 injurias,
2169 3381 2232 3438 in
2270 3381 2679 3459 negligentem

472 3463 608 3552 ejus
635 3474 928 3536 vindicem
954 3475 1264 3535 convertit.
1347 3479 1449 3536 21.
1495 3477 1645 3534 Cum
1674 3475 1747 3536 iis
1771 3475 1977 3546 etiam,
2004 3493 2155 3555 quos
2190 3473 2456 3534 infensos
2484 3476 2676 3536 Attali

475 3569 703 3642 domui,
732 3589 844 3632 nec
874 3571 1148 3650 Philippo
1191 3571 1519 3633 concordes
1567 3591 1701 3633 esse
1743 3580 2011 3644 noverat,
2058 3569 2310 3630 consilia
2348 3573 2683 3636 eommuni-

479 3662 648 3728 casse
675 3685 794 3726 non
824 3678 1039 3746 praeter
1064 3653 1348 3726 rationem
1376 3667 1663 3726 creditum
1692 3674 1851 3735 est;¹’
1878 3675 2192 3746 postquam
2219 3665 2295 3724 ab
2317 3665 2679 3744 Olympiade

544 3868 559 3903 ¹
595 3870 734 3920 Plnt.
759 3871 1018 3935 Apophth.
1042 3887 1090 3921 c.
1112 3876 1192 3921 83.
1684 3880 1707 3924 †
1745 3870 1905 3920 Diod.
1924 3873 1959 3920 1.
1977 3872 2011 3921 1.
2038 3870 2263 3920 Pausan.
2287 3881 2415 3918 viu.

543 3950 581 3976 ¹¹·
617 3944 774 3995 Diod.
796 3947 1248 4010 Sic.1vr.p.⁵5⁷.
1682 3954 1707 3978 ⁰
1742 3946 1902 3996 Diod.
1944 3959 2058 3998 xvi.
2104 3959 2159 4008 p.
2200 3947 2316 3992 ³81.
2354 3941 2553 3992 sustin.
2590 3953 2675 3992 rx.

537 4024 570 4060 1·
604 4018 737 4068 Plin.
780 4019 922 4071 Hist.
966 4023 1092 4072 Nat.
1135 4036 1210 4074 nr.
1253 4027 1332 4073 1⁰.
1375 4021 1539 4074 Athe·
1618 4027 1667 4072 ὅ.
1688 4025 1736 4072 8.

481 4107 626 4146 nens
645 4103 732 4144 ιν.
753 4097 834 4144 u.
929 4132 938 4141 .
1440 4131 1445 4138 .
1682 4103 1709 4137 Ρ
1742 4095 1886 4145 Plut.
1909 4093 2061 4148 Alex.
2080 4109 2133 4158 p.
2148 4099 2267 4146 609.
