2858 4782
568 352 656 417 8⁰
1359 370 1418 417 s.
1467 366 1975 416 rnssrssunuu

565 510 727 589 poris
747 508 1234 569 deformationem
1253 526 1416 587 agro
1440 508 1639 567 animo
1657 506 1857 579 ferret,
1874 506 2243 569 memorabili
2266 507 2345 568 ad
2366 508 2787 588 posteritatem

569 602 968 665 adolescentis
988 622 1134 663 voce
1159 604 1421 663 monitus
1448 612 1567 673 est,
1614 607 1631 635 ‘
1656 621 1776 660 non
1806 602 1981 661 irasci
2012 602 2459 681 vulneri„cujus
2486 622 2671 683 opera
2696 605 2783 663 ad

569 699 836 781 singulos
865 718 1108 779 gressus
1137 719 1262 759 sum
1294 700 1529 759 virtutis
1558 698 2019 759 admoneretur.'
2108 702 2205 759 12.
2234 699 2395 759 Satis
2414 700 2543 776 jam
2568 699 2787 778 glorioe

567 797 969 877 potentioeque
991 796 1269 877 Philippo
1283 797 1605 875 qua-situm
1622 807 1783 863 erat:
1815 798 1963 857 satis
1982 796 2161 855 etiam
2184 794 2574 874 periculorum
2588 806 2787 873 atque

565 892 874 953 vulnerum
923 893 1268 972 pertulerat,
1321 894 1372 951 si
1419 893 1679 970 quietem
1726 892 1849 972 pati
1900 903 2107 971 posset
2160 893 2396 953 animus
2452 892 2783 953 ambitione

564 1006 790 1049 vecors.
908 989 1005 1049 13.
1061 988 1424 1048 Tributarios
1485 987 1821 1067 Illyriorum
1876 987 2267 1059 Macedonas,
2321 989 2585 1047 omnium
2646 1008 2777 1049 non

561 1084 890 1145 vicinorum
934 1083 1136 1157 modo,
1183 1084 1293 1145 sed
1339 1084 1521 1145 etiam
1568 1086 1752 1163 longe
1792 1084 2135 1147 dissitorurn
2160 1084 2434 1145 dominos
2464 1083 2781 1145 effecerat.

570 1182 668 1241 14.
707 1178 1000 1241 Triballos
1027 1180 1380 1258 subegerat:
1425 1180 1741 1241 Thraciam
1783 1180 2045 1243 babebat
2082 1182 2143 1241 in
2188 1192 2524 1261 potestate:
2568 1180 2782 1239 multis

563 1274 914 1337 Graecorum
941 1276 1176 1356 populis
1197 1275 1560 1356 imperabat:
1590 1274 1741 1336 alios
1776 1288 1939 1337 metu
1965 1286 2072 1337 aut
2090 1276 2501 1356 largitionibus
2521 1278 2780 1335 tenebat

561 1371 874 1433 obnoxios.
939 1371 1264 1433 Thessalos
1295 1371 1605 1443 Daochus‚
1632 1371 1869 1447 Cineas,
1895 1371 2347 1452 Thrasydoeus,⁸
2370 1391 2505 1431 cum
2538 1370 2785 1433 Eudico

559 1478 622 1531 et
649 1468 814 1531 Simo
840 1468 1184 1536 Larissaeis:
1232 1467 1500 1529 Arcades
1550 1467 1858 1539 Cercidas,
1901 1468 2331 1547 Hieronymus,
2360 1465 2779 1545 Eucalpidas;

557 1552 815 1643 Argivos
843 1562 1458 1644 Myrtis,Teledamus
1478 1564 1802 1633 Mnaseas:
1835 1564 2015 1625 Eleos
2039 1562 2397 1635 Euxitheus,
2414 1562 2787 1633 CleotimuS,

557 1660 1009 1733 Aristaeehmus,
1051 1660 1219 1740 regio
1255 1660 1410 1740 jugo
1450 1657 1875 1722 subdiderant:
1966 1662 2063 1719 15.
2106 1658 2447 1719 Messenios
2478 1656 2785 1719 Philiadae

553 1754 742 1827 liberi,
785 1756 960 1816 Neon
987 1767 1052 1815 et
1073 1754 1559 1834 Thrasylochus:
1602 1753 1917 1832 Sicyonios
1943 1755 2274 1815 Aristratus
2296 1762 2361 1814 et
2386 1752 2785 1826 Demeratus,

557 1847 946 1929 Megarenses
974 1849 1354 1921 Ptoeodorus,
1389 1848 1667 1923 Helixus,
1708 1848 2018 1920 Perilaus:
2062 1846 2475 1922 Euboeenses,¹²
2512 1848 2789 1929 Hippar-

553 1944 727 2016 chus,
763 1944 1130 2017 Clitarchus,
1175 1955 1239 2006 et
1279 1942 1665 2017 Sosistratus,
1714 1964 1844 2005 ause
1887 1946 2115 2026 quique
2158 1944 2417 2007 civitatis
2444 1944 2791 2025 principes,

553 2038 992 2103 conciliabant:
1041 2039 1368 2119 Olynthum
1418 2038 1813 2119 Euthycrates
1862 2051 1925 2101 et
1973 2040 2299 2103 Lasthenes
2346 2038 2791 2119 prodiderant.¹

555 2134 694 2196 Una
745 2136 1172 2217 Spartanorum
1225 2134 1435 2195 civitas
1486 2134 1705 2196 veteris
1762 2133 2095 2216 disciplinas
2148 2135 2389 2215 egregie
2443 2145 2651 2207 tenax,
2710 2151 2782 2197 et

549 2228 901 2311 proditionis
949 2230 1226 2291 immunis
1272 2229 1408 2290 fuit.
1510 2231 1611 2291 16.
1652 2228 1773 2291 Sed
1817 2251 1954 2292 curn
2002 2232 2249 2313 imperio
2290 2232 2475 2293 totius
2503 2231 2777 2293 Graecioe

547 2325 898 2402 immineret,
925 2325 1388 2387 Atheniensium
1415 2325 1675 2387 maxime
1700 2344 1850 2406 opes
1876 2326 2089 2388 morari
2114 2326 2417 2389 destinata
2440 2330 2778 2387 cernebat:

549 2441 662 2485 nec
689 2422 940 2484 deerant
962 2423 1022 2484 in
1051 2422 1310 2496 civitate,
1352 2423 1457 2502 qui
1496 2442 1591 2483 res
1620 2421 1703 2483 ad
1732 2423 1925 2505 ipsum
1958 2424 2303 2486 traherent:
2344 2423 2455 2484 sed
2481 2425 2779 2506 populus,

549 2520 652 2598 qui
699 2519 901 2580 omnia
944 2529 1198 2599 poterat,
1251 2518 1595 2600 impellente
1638 2517 2049 2580 Demosthene
2094 2530 2305 2580 contra
2352 2517 2777 2582 Macedonum

545 2633 694 2694 opes
721 2616 1050 2675 nitebatur:
1093 2614 1454 2694 crebrisque,
1498 2626 1566 2676 ut
1598 2616 1752 2676 inter
1778 2626 2056 2696 potentes
2080 2617 2331 2690 vicinos,
2358 2603 2781 2677 contentioni-

546 2712 682 2784 bus,
709 2709 1009 2789 ingenium
1037 2709 1298 2791 Philippi
1325 2711 1635 2786 callidum,
1661 2712 1881 2786 audax,
1904 2725 1993 2775 -et
2019 2715 2097 2774 ob
2124 2712 2587 2774 dominationem
2618 2713 2779 2774 fidei

543 2806 838 2886 famoeque
865 2807 1178 2886 negligens
1205 2819 1586 2887 cog-noverat.
1658 2811 1756 2869 17.
1788 2809 2055 2887 Maxime
2082 2812 2296 2870 urebat
2322 2828 2520 2888 regem
2546 2827 2777 2870 recens

544 2901 763 2975 dolor-,⁸
801 2902 964 2982 quod
994 2901 1072 2962 ad
1105 2903 1483 2983 Byzantium,
1508 2904 1961 2968 Atheniensium
1990 2926 2195 2988 opera,
2232 2925 2339 2988 spe
2366 2924 2477 2966 sua
2502 2905 2779 2966 excidis-

545 3007 676 3058 set:
718 2999 823 3077 qui
869 3018 992 3058 non
1036 2999 1216 3059 modo
1263 3012 1503 3062 centum
1531 3013 1615 3062 ‘et
1652 3003 1863 3081 viginti
1908 3004 2151 3062 navium
2190 3002 2451 3062 classem
2490 3001 2775 3062 obsessis

545 3091 766 3160 auxilio
793 3093 1110 3160 miserant:
1141 3093 1249 3154 sed
1279 3104 1342 3155 et
1363 3097 1533 3156 Chiis
1560 3096 1929 3177 Rhodiisque
1955 3099 2165 3160 eadem
2192 3097 2452 3159 audendi
2479 3108 2775 3158 auctores

541 3185 798 3248 fuerant.
885 3188 984 3248 18.
1029 3187 1218 3268 Igitur
1239 3188 1384 3250 dum
1413 3203 1762 3271 percuratur
1788 3193 2006 3254 vulnus
2032 3195 2095 3252 in
2116 3193 2389 3254 Triballis
2418 3203 2773 3271 acceptum,

543 3282 744 3342 omnia
759 3284 994 3346 occulte
1015 3287 1408 3365 preparabat,
1434 3307 1555 3367 quo
1574 3289 1974 3351 Athenienses
2003 3279 2351 3383 improvisus
2372 3288 2769 3366 opprimeret.

541 3378 878 3440 Exercitum
906 3381 1181 3442 retinenti
1201 3383 1474 3444 obtentui
1496 3396 1665 3447 erant
1689 3386 2023 3468 Illyriorum
2042 3385 2485 3464 nationes,quse
2506 3385 2769 3464 ingenio

538 3474 789 3547 feroces,
829 3486 895 3537 et
935 3476 1236 3538 servitutis
1276 3479 1551 3552 insueto,
1596 3481 1933 3562 impositum
1980 3501 2169 3563 nuper
2200 3481 2417 3559 jugum
2465 3491 2763 3544 excutere

531 3573 868 3632 tentabant.
977 3573 1072 3632 19.
1118 3572 1184 3632 In
1214 3592 1318 3634 eos
1347 3574 1688 3636 Alexander
1717 3577 2003 3656 missus}
2029 3577 2296 3638 barbaris
2322 3577 2468 3638 susis
2496 3576 2765 3654 fugatis-

535 3686 671 3745 que,
715 3687 850 3730 eam
886 3668 963 3730 de
997 3666 1236 3730 fortuna
1259 3679 1439 3750 atque
1464 3673 1679 3736 virtute
1708 3692 1821 3734 sua
1850 3693 2039 3753 spem,
2084 3685 2149 3734 et
2199 3672 2441 3753 reliquis
2480 3673 2643 3746 fecit,
2694 3687 2765 3735 et

601 3901 620 3935 ¹
647 3901 792 3952 Plut.
827 3904 892 3954 de
923 3905 1069 3956 Port.
1106 3904 1260 3955 Alex.
1301 3919 1337 3955 r.
1377 3913 1458 3958 18.
1480 3909 1593 3958 De·
1734 3908 1749 3942 ¹
1781 3909 1935 3963 mod.
1968 3911 2075 3962 Sic.
2112 3923 2233 3962 xvr.
2271 3925 2325 3975 p.
2370 3913 2488 3962 688.
2512 3911 2763 3963 Pansan.

532 3979 720 4028 mosth·
737 3976 804 4028 de
823 3979 1044 4030 Corona.
1672 4001 1781 4038 vu.

596 4061 622 4095 r
651 4049 798 4128 plut.
839 4054 1178 4106 Demostheu.
1219 4072 1273 4122 p.
1318 4063 1433 4109 85⁴.
1485 4059 1585 4108 De·
1734 4060 1758 4094 ¹
1793 4061 2061 4109 Demostli.
2084 4058 2153 4108 de
2186 4062 2411 4114 Corona.
2444 4061 2601 4113 mod.
2636 4065 2757 4115 Sic.

533 4127 719 4176 mosth.
745 4125 813 4174 de
836 4129 1058 4179 Corona.
1670 4147 1785 4184 xvr.
1808 4151 1861 4197 p.
1886 4141 1999 4186 ⁶5⁰.
2020 4151 2167 4200 seqq.

595 4200 620 4236 ¹·
652 4202 921 4254 Demosth.
943 4204 1008 4254 de
1032 4206 1182 4256 Falsa
1205 4207 1390 4269 Legat.
1728 4207 1745 4244 ¹
1780 4213 1929 4262 curt.
1954 4223 2078 4262 vin.
2108 4216 2152 4262 l.
2176 4215 2257 4262 ²6.
