2858 4782
497 291 626 360 146
1279 306 1336 354 s.
1387 303 1897 356 rnnmsnsuu

493 445 854 526 solymitani,
881 454 951 508 ut
976 444 1132 525 regis
1157 444 1306 530 iram
1345 445 1623 518 lenirent,
1648 463 1787 508 cum
1814 443 2100 508 uxoribus
2128 445 2451 526 liberisque
2478 449 2722 528 suppli·

492 561 595 604 ces
643 543 704 602 in
755 559 1070 604 occursum
1100 539 1392 612 venientis
1432 539 1841 602 effunduntur.
1926 540 2285 604 Sacerdotes
2328 542 2499 623 primi
2534 543 2731 620 ibant·

491 638 846 700 tenuissima
889 639 1073 718 bysso
1129 635 1368 698 amicti:
1410 635 1523 697 hos
1580 636 1799 708 deinde
1854 637 2111 717 populus
2158 637 2419 712 candido
2463 649 2530 699 et
2576 639 2717 718 ipse

489 737 708 796 vestitu
754 734 1132 815 sequebatur.
1219 732 1455 810 Agmen
1504 730 1765 802 ducebat
1808 732 2033 793 laddus
2081 752 2349 794 summus
2395 753 2717 795 sacrorum

491 830 740 892 antistes
789 849 927 892 cum
973 828 1206 891 solenni
1253 838 1491 890 ornatu.
1576 831 1677 890 25.
1718 829 2270 910 Appropinqnantis
2314 847 2553 910 pompe
2603 849 2715 891 ve·

488 923 798 988 nustatem'
816 925 1197 1006 speciemque
1223 924 1477 989 miratus
1500 943 1625 999 rex,
1652 944 1811 1004 equo
1854 925 2163 998 desiliens,
2191 923 2355 986 solus
2386 927 2729 1005 processit..

447 1021 456 1030 ’
491 1023 856 1104 adoratoque
900 1021 1014 1081 Dei
1058 1021 1316 1094 nomine,
1349 1020 1516 1100 quod
1560 1040 1757 1082 aureae
1801 1021 2043 1096 lamium
2078 1020 2438 1102 insculptum
2481 1021 2713 1084 cidaris

486 1119 793 1199 pontificia
816 1117 1188 1197 praeferebat,
1201 1116 1396 1197 ipsum
1422 1136 1663 1197 quoque
1682 1127 2017 1190 reverenter
2044 1118 2349 1179 salutavit.
2435 1119 2541 1179 26.
2584 1119 2713 1178 Im-

487 1215 728 1295 provisa
775 1234 870 1274 res
915 1215 1178 1275 omniurn
1197 1213 1308 1292 ¹qui
1345 1233 1483 1278 cum
1530 1234 1605 1276 eo
1654 1213 2022 1276 advenerant
2050 1214 2281 1274 animos
2308 1213 2367 1273 in
2399 1225 2717 1293 stuporem

489 1310 679 1376 dedit.
759 1309 958 1384 Judmi
979 1329 1054 1372 ex
1079 1311 1398 1391 propinqui
1423 1310 1589 1372 exitii
1617 1322 1779 1372 metu
1815 1331 1937 1372 non
1974 1311 2033 1370 in
2081 1329 2247 1390 spem
2275 1309 2717 1370 incolumitatis

489 1405 694 1479 modo,
720 1406 828 1468 sed
877 1407 1202 1486 inopinata
1245 1407 1456 1486 gratim
1499 1405 1779 1468 fiduciam
1820 1405 2001 1468 erecti
2042 1406 2433 1468 circumibant
2476 1424 2715 1486 regem,

488 1501 701 1563 laudes
728 1491 1302 1592 gratulationemque
1327 1512 1393 1565 et
1417 1512 1559 1564 vota
1588 1503 1931 1566 miscentes.
2014 1505 2116 1564 27.
2162 1503 2389 1564 Contra
2416 1503 2715 1582 Syrorum

485 1599 696 1680 reguli,
723 1601 826 1680 qui
853 1603 930 1660 ob
957 1601 1198 1662 crebras
1233 1601 1601 1681 acerbasque
1626 1619 1764 1678 cum
1792 1601 1831 1660 J
1836 1599 2027 1661 udoeis
2073 1599 2407 1674 simultates
2434 1598 2717 1660 Alexan-

491 1696 662 1758 drum
712 1697 904 1759 secuti
948 1698 1206 1770 fuerant,
1253 1697 1618 1758 inimicorum
1674 1696 2004 1779 suppliciis,
2046 1705 2117 1757 ut
2158 1698 2455 1769 rebantur,
2498 1696 2717 1772 infesti

489 1792 669 1853 animi
717 1792 1024 1853 libidinem
1065 1791 1382 1872 expleturi,
1425 1794 1789 1872 stupebant;
1838 1791 2001 1852 dubii
2044 1810 2261 1854 verane
2308 1801 2511 1862 essent
2560 1811 2713 1871 quoe

487 1889 878 1961 intuerentur,
907 1905 986 1946 an
1014 1887 1258 1967 aliquod
1292 1885 1601 1949 oculorum
1638 1886 1963 1970 ‘ludibrium
1990 1905 2145 1948 vana
2186 1888 2445 1968 imag-ine
2472 1889 2715 1968 sopitos

491 2003 706 2046 sensus
733 1983 987 2044 falleret.
1031 1986 1134 2044 28.
1158 1983 1374 2063 Neque
1403 1984 1603 2044 minus
1626 1983 2001 2045 Macedonas
2028 1983 2348 2045 insolentia
2374 1987 2717 2064 spectaculi

489 2098 816 2160 suspensos
845 2078 1092 2142 habuit:
1137 2077 1332 2140 donec
1359 2080 1603 2160 propius
1630 2077 1925 2140 accedens
1955 2078 2307 2140 Parmenion
2336 2079 2715 2160 interrogare

491 2194 678 2238 ausus
717 2186 832 2250 est,
861 2183 880 2212 ‘
905 2175 1050 2257 quid
1091 2175 1179 2235 ita
1203 2177 1465 2236 externis
1502 2173 1855 2236 cerimoniis
1898 2175 2185 2236 honorem
2211 2174 2491 2248 deferret,
2516 2195 2715 2256 quem

487 2292 526 2334 a
553 2283 680 2334 tam
707 2273 872 2334 foeda
917 2281 1098 2352 gente
1149 2271 1329 2332 etiam
1377 2271 1645 2352 recipere
1690 2270 1786 2330 vix
1832 2279 2003 2332 tanto
2042 2290 2181 2350 rege
2220 2269 2469 2349 dignum
2496 2274 2712 2334 esset.'

488 2371 688 2451 Atque
714 2367 817 2431 ille
839 2368 1200 2429 insomnium
1217 2387 1392 2431 suum
1407 2367 1631 2433 retulit.
1693 2369 1796 2429 29.
1820 2364 2059 2429 Deinde
2076 2368 2277 2428 urbem
2298 2365 2609 2447 ingressus
2638 2369 2711 2431 in

485 2464 884 2545 pulcherrima
921 2464 1056 2526 oede
1101 2466 1215 2526 ritu
1264 2474 1503 2544 recepto
1545 2483 1781 2527 sacrum
1818 2463 1953 2525 Deo
1989 2464 2153 2535 fecit,
2180 2474 2244 2524 et
2288 2463 2451 2526 dona
2475 2467 2710 2546 templo

487 2561 713 2624 intulit.
793 2560 1064 2640 Inspexit
1089 2561 1266 2620 etiam
1303 2578 1509 2622 sacros
1536 2560 1732 2640 gentis
1772 2558 2037 2632 codices,
2063 2558 2280 2639 quibus
2307 2560 2711 2623 contineban-

483 2664 581 2716 tur
607 2655 714 2717 diu
741 2665 882 2717 ante
907 2654 1237 2735 perscripta
1270 2654 1591 2716 vaticinia:
1632 2655 1785 2716 inter
1826 2674 1965 2735 qum
2005 2654 2227 2734 Tyrum
2255 2654 2707 2719 Macedonibus

484 2759 834 2825 cessuram*
857 2762 922 2813 et
941 2750 1159 2811 Persas
1187 2770 1226 2811 a
1254 2750 1475 2813 Groeeo
1499 2751 1762 2831 quodam
1782 2749 2147 2811 debellatum
2176 2750 2249 2811 iri
2274 2751 2433 2812 clare
2469 2754 2705 2833 signifi-

484 2850 774 2911 cabatur:
815 2849 916 2910 30.
945 2847 1098 2907 Eum
1120 2832 1332 2908 se‘fore
1351 2847 1797 2929 interpretatus,
1816 2845 2049 2907 Judaeis
2070 2849 2391 2921 concessit,
2415 2857 2433 2885 ⁸
2452 2864 2519 2911 ut
2534 2851 2706 2913 domi

482 2943 746 3022 forisque
793 2946 917 3003 suis
963 2942 1194 3020 legibus
1247 2942 1574 3022 ritibusque
1621 2941 1807 3003 libere
1832 2951 2141 3003 uterentur
2167 2964 2187 3013 ς
2228 2953 2291 3003 et
2336 2945 2481 3024 quia
2508 2949 2699 3027 septi·-

483 3056 644 3097 mum
671 3055 966 3116 quemque
991 3055 1216 3097 annum
1242 3036 1623 3116 agricultum
1672 3049 1967 3099 exsortem
1996 3050 2205 3118 agunt,
2234 3038 2415 3101 etiam
2440 3042 2699 3103 tributo-

485 3151 616 3193 rum
641 3130 760 3191 ista
785 3131 1058 3211 portione
1086 3133 1495 3196 solverentur!
1580 3135 1681 3196 31.
1710 3134 2000 3195 Naturam
2035 3152 2275 3214 quoque
2296 3136 2555 3215 regionis
2584 3140 2701 3199 ad·
2798 3212 2800 3219 Ι

483 3224 754 3299 miratus,
769 3245 930 3305 quoe,
952 3226 1084 3287 aliis
1112 3226 1400 3289 fructibus
1428 3229 1584 3291 inter
1610 3229 2138 3310 praestantissimas
2165 3230 2356 3305 dives,
2375 3234 2699 3313 opobalsa-

483 3323 806 3407 mumosola
832 3322 1126 3403 producit,
1141 3322 1625 3387 Andromachum
1650 3314 1724 3386 iis
1750 3324 2091 3403 reg-ionibus
2107 3327 2469 3407 proeposuitt
2512 3349 2697 3409 quem

485 3416 866 3507 Samaritani,
891 3420 1158 3500 perpetui
1183 3419 1534 3483 Judaeorum
1560 3422 1788 3493 hostes,
1814 3421 1995 3501 paulo
2022 3432 2163 3503 post
2206 3422 2484 3485 atrociter
2508 3414 2697 3487 neca'-

471 3512 734 3591 'veruna‘
811 3516 934 3576 Sed
989 3515 1122 3577 haec
1171 3515 1414 3597 quidem
1458 3526 1599 3596 post
1643 3514 1865 3595 Tyrum
1920 3515 2263 3596 Gasamque
2316 3532 2693 3600 expugnatas

482 3614 656 3694 gesta
680 3624 862 3675 suntz
905 3631 1020 3673 nos
1045 3631 1150 3692 per
1175 3612 1553 3673 occasionem
1580 3611 1987 3692 proecepimus.

563 3710 707 3777 XII.
786 3712 838 3770 1.
883 3708 1162 3781 Ceterum
1211 3708 1503 3787 angustiis
1552 3707 1632 3769 ad
1680 3726 1845 3769 mare
1900 3706 2315 3789 Pamphylium
2374 3711 2691 3791 superatis,

485 3804 825 3866 Alexander
852 3804 1063 3884 Pergis
1103 3796 1497 3885 profectus'in
1522 3803 1733 3865 itinere
1764 3804 1967 3865 obvios
2010 3802 2221 3864 habuit
2246 3804 2687 3885 Aspendiorum

486 3900 769 3979 legatos:
795 3920 870 3962 ex
895 3901 1262 3983 principibus
1289 3900 1547 3964 civitatis
1577 3920 1594 3963 t
1636 3900 1679 3963 ii
1708 3910 2000 3982 petentes,
2022 3906 2039 3935 ⁶
2064 3918 2141 3960 ne
2171 3900 2511 3981 praesidium
2540 3904 2687 3967 reci·
2782 3936 2784 3948 ι

550 4074 572 4102 r
604 4068 796 4123 Iesslss
817 4086 893 4127 ιι.
911 4078 963 4124 ⁵.
1478 4100 1486 4109 ·
1688 4074 1707 4108 ²
1738 4072 1885 4124 curt.
1906 4086 1989 4124 ιν.
2012 4076 2061 4124 8.
2081 4080 2132 4125 9.
2208 4130 2217 4139 ‚

550 4151 569 4177 ⁸
603 4145 816 4199 Daniel.
835 4160 965 4199 vm.
985 4152 1069 4199 21.
1688 4156 1715 4185 ⁸
1745 4148 1956 4199 Arrisn.
1979 4162 2019 4201 r.
2039 4152 2123 4201 27.
