2858 4782
2225 324 2349 391 331

154 478 423 563 primus
464 478 533 543 in
567 478 913 544 Persidem
942 478 1209 563 intulit;
1250 480 1600 546 vindicate
1631 482 1720 547 ab
1762 478 2001 545 ultimo
2025 479 2360 547 dedecore

152 598 405 646 nomen
434 589 829 666 gentemque
851 581 1231 645 Persarum.
1300 583 1409 647 25.
1453 583 1564 647 Ite
1597 582 1859 646 alacres
1899 586 1964 645 et
2002 600 2126 665 spe
2147 584 2357 665 pleni,

150 692 253 759 ut,
280 701 485 766 quam
516 682 799 766 gloriam
846 683 1211 765 accepistis
1252 702 1297 747 a
1339 681 1709 765 majoribus
1755 682 2018 759 vestris,
2067 687 2359 767 posteris

150 784 576 867 relinquatis.
662 784 747 849 In
770 783 1025 848 dextris
1054 784 1297 848 vestris
1317 783 1464 867 jam
1485 783 1882 861 libertatem,
1911 802 2134 867 opem,
2166 806 2358 868 spem

146 884 358 948 futuri
406 886 721 968 temporis
771 885 1020 967 geritis.
1108 884 1359 967 Effugit
1398 890 1701 963 mortem,
1729 886 2040 969 quisquis
2069 894 2356 953 contem·-

152 986 359 1051 serit:
414 987 913 1051 timidissimum
961 1006 1293 1070 quemque
1345 988 1804 1070 consequitur.
1871 988 1980 1051 26.
2027 988 2184 1072 Ipse
2223 1008 2358 1053 non

148 1088 385 1168 patrio
432 1108 616 1152 more
664 1088 905 1165 solum,
954 1087 1331 1153 sedetiam
1373 1094 1453 1152 ut
1500 1088 1803 1171 conspici
1839 1089 2119 1173 possim,
2161 1109 2356 1153 curru

150 1188 358 1253 vehor
380 1207 403 1250 ε
442 1208 571 1253 nec
598 1206 861 1267 recuso,
890 1208 1023 1272 quo
1052 1190 1275 1254 minus
1302 1190 1656 1255 imitemini
1681 1209 1814 1269 me,
1855 1189 2002 1255 sive
2027 1190 2358 1256 fortitudi-

152 1288 263 1351 nis
290 1290 699 1371 exemplum,
732 1290 879 1352 sive
907 1290 1195 1371 ignaviae
1226 1289 1462 1356 fuero?

222 1405 361 1451 xv.
378 1390 442 1452 1.
474 1390 749 1454 Interim
772 1388 1183 1469 Alexander,
1202 1396 1363 1456 utet
1392 1390 1916 1456 demonstratum
1944 1411 1987 1456 a
2009 1394 2358 1477 transfuga

148 1490 551 1555 insidiarum
572 1498 599 1525 ⁸
638 1491 859 1555 locum
888 1491 1292 1584 circumiret,
1324 1499 1392 1557 et
1435 1494 1676 1572 Dario,
1704 1494 1821 1575 qui
1859 1492 2106 1557 laevum
2147 1514 2354 1559 cornu

148 1594 493 1669 tuebatur,
521 1598 923 1670 occurreret,
953 1612 1189 1676 agmen
1218 1598 1240 1627 ‘
1264 1595 1615 1678 obliquum
1635 1593 1940 1657 incedere
1966 1592 1985 1620 ⁹
2010 1594 2226 1677 jubet.
2283 1598 2353 1661 2.

152 1692 409 1756 Darius
458 1711 734 1776 quoque
788 1692 1027 1757 eodem
1080 1712 1277 1757 suum
1338 1696 1664 1773 obvertit3
1711 1694 1932 1758 Besso
1980 1694 2350 1773 admonito,

154 1798 273 1855 ‘nt
300 1790 773 1874 Massagetasb
817 1794 1077 1877 equites
1102 1794 1175 1857 in
1216 1794 1465 1859 laevum
1493 1792 1866 1859 Alexandri
1911 1814 2120 1859 cornu
2166 1816 2210 1861 a
2254 1797 2352 1861 la-

160 1902 293 1956 tere
320 1893 549 1958 invehi
566 1893 879 1975 juberet.³
960 1895 1029 1959 3.
1076 1894 1238 1978 Ipse
1271 1900 1424 1960 ante
1455 1915 1532 1961 se
1564 1895 1853 1960 falcatos
1881 1914 2117 1961 currus
2145 1898 2352 1962 habe-

590 353 599 367 ·
696 336 814 385 οι..
861 336 1052 385 cxu.
1094 321 1159 386 2.
1234 334 1308 385 Α.
1354 338 1478 386 cn.
1525 338 1598 387 N.
1649 320 1799 388 331.

1068 2043 1188 2063 0000
1194 2044 1307 2065 eeu
1312 2045 1397 2065 000
1404 2045 1432 2064 Ο

151 2152 266 2186 cnm
305 2137 431 2187 edd.
468 2136 593 2213 Bip.
626 2138 784 2189 Barb.
818 2147 875 2189 et
906 2140 1096 2192 Bothe.
1163 2142 1331 2192 Paulo
1397 2150 1477 2192 ost
1503 2140 1623 2191 Ala.
1645 2142 2036 2192 vendicata—25
2073 2141 2155 2190 Ita
2175 2142 2354 2191 alacres

148 2202 299 2251 heiu.
344 2206 395 2250 et
434 2202 639 2265 spirutus
668 2204 795 2265 pleni
830 2204 1063 2269 Florem.
1096 2206 1321 2255 Theocr.
1404 2207 1510 2256 eid.
1543 2207 1710 2269 Lnga.
1734 2214 1792 2257 et
1823 2206 1994 2256 Amst.
2027 2212 2076 2255 et
2110 2220 2191 2268 sps
2222 2208 2353 2269 pleni

149 2264 313 2329 Bong.
338 2274 397 2315 et
418 2266 570 2314 Voss.
596 2273 641 2315 1.
695 2267 756 2315 In
779 2269 992 2317 manibus
1014 2270 1187 2318 vestris
1208 2272 1357 2320 Voss.
1378 2276 1428 2321 2.
1461 2270 1652 2333 quisque
1673 2271 2000 2333 contempnet-it
2033 2270 2261 2319 Flos-ent.
2293 2276 2350 2318 et

154 2330 440 2379 Laride-26
472 2328 624 2379 Voss.
646 2335 694 2380 2.
724 2330 1027 2388 fortitudinis
1044 2334 1146 2382 sive
1165 2335 1448 2398 exemplum.

211 2398 236 2443 1
261 2395 401 2444 Edd.
420 2401 551 2444 vett.
570 2401 623 2443 ut
642 2401 714 2444 est
728 2411 747 2454 ,·
765 2396 916 2446 Voss.
932 2401 981 2446 2.
1005 2399 1202 2447 omittit
1225 2403 1289 2446 et.
1326 2399 1464 2447 Edd.
1480 2404 1612 2446 vett.
1625 2411 1730 2445 cum
1748 2396 2028 2445 insidiarum
2045 2397 2078 2445 1.
2091 2397 2316 2446 circuiret
2329 2412 2349 2454 ‚-

150 2457 381 2508 Fioreut.
422 2459 567 2507 Leid.
602 2459 771 2521 Bong.
804 2463 854 2509 1.
890 2467 946 2510 et
981 2461 1135 2510 Voss.
1162 2467 1208 2510 1.
1241 2461 1560 2510 circumirent.
1632 2461 1746 2509 Pal.
1775 2463 1818 2508 1.
1852 2461 2086 2510 Florem.
2123 2459 2266 2509 Leid.
2293 2469 2351 2508 et

152 2521 299 2572 Voss.
328 2528 377 2572 1.
400 2527 449 2572 2.
474 2523 719 2572 omittunt
740 2526 925 2573 loevunn.
991 2523 1159 2588 Boug.
1188 2529 1233 2573 1.
1270 2525 1468 2586 omittit
1497 2537 1682 2586 agmen,
1704 2523 1839 2586 quod
1865 2537 1980 2572 eum
2001 2524 2115 2572 aliis
2135 2523 2350 2573 exhibet

148 2585 261 2636 Pol.
289 2592 337 2635 1.
374 2585 609 2648 obliquum
631 2602 800 2650 agmen
824 2588 960 2636 Dan.
982 2603 1152 2650 agmen
1175 2589 1490 2638 oblicum—2
1525 2589 1680 2637 Voss.
1717 2591 1766 2636 2.
1801 2587 1994 2636 omittit
2031 2589 2218 2646 eodem5
2251 2603 2350 2650 pro

150 2665 247 2710 qno
270 2651 414 2698 Dan.
448 2651 585 2698 inter
619 2651 781 2698 lineas
811 2651 1075 2714 appictum
1099 2651 1255 2702 habet
1279 2653 1466 2701 dextro.
1535 2651 1766 2701 Floreat.
1791 2649 1934 2700 Leid.
1961 2652 2110 2700 Voss.
2131 2655 2175 2698 l.
2211 2653 2350 2700 Mer.

150 2713 270 2762 Bas.
296 2713 422 2762 Aru.
448 2723 503 2762 et
526 2714 636 2762 Col.
660 2715 975 2776 Massagetes.
1044 2717 1060 2744 ‘
1086 2717 1293 2765 Curtius
1318 2715 1547 2764 scribere
1570 2715 1856 2763 debueram
1889 2713 1940 2762 in
1959 2717 2182 2762 dextrum
2199 2716 2348 2763 Alex·

150 2779 287 2826 andri
307 2791 473 2833 cornu,
509 2777 594 2824 ubi
623 2779 841 2841 primum
868 2779 1231 2842 pugnabatur)
1256 2779 1543 2828 Schmieder.
1611 2779 1727 2826 Pal.
1753 2781 1799 2824 1.
1829 2791 1972 2826 cornu
1992 2779 2137 2826 latere
2157 2779 2347 2836 inuehi,-

152 2842 303 2891 Voss.
328 2846 381 2891 2.
414 2855 559 2888 corun
597 2842 739 2890 lateri
776 2842 935 2891 invehi
950 2858 969 2900 ,-
1016 2842 1165 2893 Mod.
1189 2843 1422 2892 Floreat.
1446 2840 1592 2890 Leid.
1615 2841 1767 2889 Voss.
1794 2844 1840 2889 1.
1863 2849 1917 2889 et
1953 2841 2116 2900 Bong.
2149 2856 2290 2890 cornu
2318 2857 2350 2889 u

152 2905 295 2955 latere
328 2905 524 2961 invehif
562 2905 657 2954 Ed.
694 2919 773 2967 pr.
819 2905 1037 2956 Venett.
1079 2908 1276 2956 Veron.
1314 2905 1434 2954 Ald.
1469 2905 1635 2953 Colin.
1666 2903 1866 2966 Gryph.
1898 2904 2020 2952 Bas.
2062 2905 2198 2954 Mer.
2233 2905 2348 2954 Col.

152 2969 303 3017 Frob.
330 2969 499 3033 Lugd.
523 2977 577 3018 et
600 2969 769 3018 Amst.
802 2983 947 3018 cornu
968 2970 1243 3021 invenie—8
1276 2971 1427 3019 Voss.
1452 2972 1502 3018 2.
1523 2975 1582 3018 et
1605 2969 1739 3017 Dan.
1771 2972 1882 3017 ante
1898 2968 2124 3027 sulcatos,
2156 2969 2347 3018 omisso

1134 3089 1357 3141 No'rAE

152 3191 281 3238 vide
310 3188 506 3241 Justin.
542 3187 632 3238 lib.
656 3201 695 3237 1.
737 3187 804 3238 de
826 3187 1005 3239 Medis
1034 3187 1126 3239 lib.
1154 3161 1217 3238 v:
1348 3193 1373 3220 ²
1406 3185 1729 3248 landarum]
1777 3185 2037 3234 Muricum
2059 3183 2345 3234 ferreorum

155 3281 265 3330 cap.
288 3270 339 3314 7.
372 3264 442 3312 de
475 3263 634 3328 Lydis
670 3278 952 3329 eorumque
990 3263 1206 3327 imperio

157 3343 237 3392 lib.
256 3357 345 3392 m.
368 3357 485 3404 cap.
505 3345 555 3392 4.
581 3347 635 3389 et
653 3340 747 3389 lib.
764 3354 845 3389 lv.
864 3355 979 3402 esp.
994 3345 1041 3388 ὅ.
1090 3341 1207 3388 Pri-

154 3417 275 3481 ma]
297 3419 493 3468 Tamen
514 3415 700 3465 Suidas
718 3417 771 3465 in
790 3413 1005 3479 Aapaeucoi
1027 3415 1207 3464 scribit

158 3495 375 3544 Dar-iens
409 3507 511 3542 non
552 3507 581 3541 s
617 3493 782 3541 Dario
814 3491 1001 3542 Xerxis
1038 3497 1209 3555 patre,

157 3570 242 3617 sed
284 3568 353 3617 ab
398 3569 500 3617 slio
544 3566 833 3631 antiquiore
868 3567 1033 3616 Dario
1056 3579 1205 3616 cusos

158 3647 577 3710 appellatusqu03
614 3642 752 3709 quod
776 3643 943 3707 ipsum
966 3659 1029 3693 ex
1050 3643 1207 3694 Scho-

156 3724 303 3773 liaste
357 3722 527 3771 veteri
580 3720 943 3784 Aristophanis
982 3727 1205 3770 sumtum

158 3809 261 3848 ent:
296 3797 568 3861 AEschylus
606 3809 733 3846 vero
773 3796 957 3858 Poeta,
984 3797 1070 3862 qui
1107 3795 1206 3845 sub

161 3875 319 3923 Dario
364 3871 645 3936 Hystaspis
698 3877 755 3920 et
796 3871 975 3921 Xerxe
1016 3869 1209 3932 floruit,

163 3961 275 3998 ame
299 3951 489 4014 cyrum
508 3947 635 3996 duos
656 3953 907 3996 memorat
925 3946 1207 3996 Persarum

164 4039 323 4088 reges,
336 4037 553 4088 quorum
575 4022 795 4086 primum
817 4023 833 4049 ‘
850 4021 1063 4072 Medum
1078 4021 1094 4046 ’
1116 4035 1207 4084 ap-

168 4102 315 4158 pellat
336 4113 353 4148 z
388 4097 454 4146 de
493 4111 596 4161 quo
634 4096 751 4146 vide
785 4095 1129 4146 Marshamum
1156 4095 1205 4144 in

168 4177 365 4224 (junone
392 4171 789 4239 Chromiogico.

1284 3264 1539 3314 subterra
1560 3261 1894 3313 defossorum-
1959 3261 2178 3323 Latum]
2212 3260 2346 3309 Vide

1286 3339 1542 3403 superiori
1579 3338 1770 3402 capite.
1851 3337 1932 3386 Ac
1973 3337 2017 3386 si
2063 3337 2251 3385 Darius
2291 3337 2344 3384 in

1286 3417 1421 3465 loevo
1444 3421 1578 3475 erat,
1607 3427 1714 3462 non
1747 3410 1958 3475 obliquo
1980 3411 2072 3459 sed
2095 3419 2240 3459 recto
2261 3410 2345 3458 iti·

1286 3503 1411 3538 nere
1435 3487 1780 3537 incedendum
1799 3485 1919 3546 fuit,
1955 3489 2016 3534 ut
2049 3484 2128 3533 ilii
2165 3497 2344 3533 occur·

1285 3572 1448 3614 reret.
1497 3562 1690 3614 Melius
1707 3575 1832 3624 ergo
1852 3561 2100 3608 Arrianus
2122 3559 2207 3623 qui
2231 3573 2345 3608 ver·

1284 3654 1371 3689 sus
1396 3639 1639 3688 dextrum
1662 3637 1820 3698 magis
1843 3635 2048 3684 duxisse
2069 3634 2248 3684 tradit.

1349 3715 1373 3751 b
1404 3714 1730 3776 Massagetas]
1763 3714 2076 3776 Massageta»
2096 3712 2190 3761 lib.
2211 3725 2344 3764 vm.

1286 3807 1404 3857 cap.
1423 3796 1472 3842 1.
1507 3790 1600 3841 sed
1623 3789 1876 3854 quomodo
1895 3788 1951 3837 in
1976 3789 2162 3837 laevuru
2182 3788 2343 3838 Alex·

1286 3868 1436 3918 andri
1457 3881 1488 3916 a
1508 3867 1672 3915 latere
1695 3863 1886 3912 invecti
1907 3872 2046 3926 suut,
2082 3863 2168 3926 qni
2189 3869 2345 3913 eraut

1286 3945 1385 4008 ipsi
1409 3943 1463 3991 in
1487 3945 1618 3990 laevo
1643 3939 1788 3988 Darii
1821 3951 1998 4001 cornu,
2027 3945 2087 3990 ut
2125 3939 2342 3988 vidimus

1285 4033 1404 4082 cap.
1441 4021 1521 4066 12.
1567 4012 1851 4079 praesertim
1888 4027 2005 4064 cum
2045 4015 2344 4066 Alexander

1284 4095 1529 4143 dextrum
1567 4103 1770 4140 suorum
1807 4101 1965 4138 cornu
2005 4092 2056 4140 iu
2098 4089 2340 4142 dextrum

1288 4170 1452 4234 magis
1470 4167 1616 4220 Darii
1640 4165 1988 4218 converterit?
