2858 4782
637 381 896 434 suren.
943 386 1019 434 m
1071 387 1142 445 Q·
1187 375 1536 442 cunnus(
1588 387 1735 436 nm.
1785 389 1864 437 11.
2208 377 2337 442 113

151 529 311 608 prius
339 543 580 605 operam
605 525 776 587 daret
809 526 1043 595 liberis3
1083 535 1148 587 et
1173 526 1575 588 incolumitate
1618 529 1823 608 patrioe
1850 530 2099 604 firmata,
2124 531 2209 590 ita
2228 530 2337 592 de·

153 641 310 682 mum
356 622 432 682 de
468 622 827 682 incremento
869 623 996 702 ejus
1037 623 1367 702 cogitaret?
1450 627 1509 684 3.
1554 625 1789 704 Quippe
1832 634 2044 702 praeter
2066 625 2341 686 Alexan·-

153 707 322 778 dr'um
351 736 529 777 nemo
555 737 630 778 ex
658 717 914 798 Philippi
959 719 1250 797 sanguine
1279 719 1499 798 dignus
1525 719 1766 798 imperio
1786 709 2115 799 supererat,
2158 721 2337 780 Cleo*

151 823 338 891 patroe
367 814 574 874 sobole
599 835 705 894 per
745 813 1160 894 Olympiadem
1187 816 1555 894 intercepta:
1597 814 1871 874 Aridoeus
1912 815 2185 875 sordibus
2213 837 2339 876 ma·

153 909 302 967 terni
331 911 614 987 generis?
639 921 700 970 et
729 911 963 970 turbata
989 919 1182 970 mente
1223 908 1645 972 Macedoniam
1685 910 1971 972 dedecere
1998 913 2340 990 putabatur.

153 1007 208 1062 4.
253 1003 477 1064 Verum
507 1003 608 1064 ille
657 1005 869 1082 quietis
909 1005 1246 1082 impatiens,
1277 1003 1419 1065 nihil
1462 1005 1575 1074 nisi
1621 1005 1866 1079 bellum,
1895 1016 1957 1066 et
1996 991 2367 1068 ex-vietoria'

153 1099 402 1175 gloriam
444 1097 687 1159 assidua
713 1099 1072 1178 cogitatione
1113 1097 1404 1159 volvebat.
1492 1099 1697 1176 Igitur,
1736 1101 1899 1160 ‘Vos
1947 1101 2346 1178 quidem,'in-

155 1195 302 1270 quit,
331 1199 349 1228 ‘
381 1202 450 1252 ut
475 1196 693 1272 probos
722 1205 781 1253 et
809 1204 1078 1254 amantes
1117 1194 1324 1273 patriae
1351 1195 1507 1254 viros
1548 1192 1745 1268 decet,
1770 1195 1846 1256 de
1894 1196 2220 1258 commodis
2248 1197 2351 1257 ad-

153 1289 459 1366 versisque
485 1288 645 1347 illius
687 1287 850 1348 haud
877 1288 1004 1348 sine
1051 1307 1236 1348 causa
1263 1289 1481 1350 soliciti
1520 1290 1685 1349 estis.
1770 1295 1829 1350 5.
1872 1291 2139 1352 Arduum
2170 1293 2347 1366 enim,

153 1382 283 1460 quis
314 1380 540 1460 neget?
581 1401 732 1462 opus
778 1381 1068 1455 ordimur,
1095 1381 1259 1461 quod
1301 1383 1482 1444 semel
1529 1394 1745 1444 temere
1786 1396 2067 1465 coeptum,
2097 1388 2147 1446 si
2172 1406 2351 1447 even·
2448 1409 2461 1421 ·

151 1489 248 1536 tus
293 1488 532 1556 arguat,
582 1495 714 1538 sera
767 1477 1116 1556 poenitentia
1168 1496 1543 1557 nequaquam
1586 1478 2005 1540 emendaverit.
2090 1483 2152 1542 6.
2197 1481 2351 1542 Nam

153 1571 650 1650 antequamvela
692 1575 1013 1644 solvamus,-
1053 1573 1331 1651 navigare
1367 1572 1638 1647 velimus,
1664 1594 1741 1632 an
1782 1576 2106 1654 quiescere,
2150 1587 2357 1636 nostra

149 1667 516 1728 consultatio
542 1677 845 1730 esu-cum
876 1669 1063 1729 ventis
1091 1669 1483 1748 fluctibusque
1523 1687 1633 1729 nos
1673 1670 2118 1741 crediderimus,
2166 1671 2222 1727 in
2263 1671 2355 1748 ip-

153 1782 358 1823 sorum
384 1763 624 1824 arbitrio
650 1765 844 1824 >omnis
873 1774 1075 1824 noster
1120 1783 1329 1824 cursus
1374 1764 1504 1825 erit.
1588 1767 1647 1825 7.
1694 1765 1901 1844 Itaque
1950 1784 2071 1825 non
2111 1766 2361 1825 moleste

155 1860 284 1919 sero
319 1867 590 1918 uestram
639 1859 973 1940 opinionem
1005 1879 1042 1920 a
1081 1861 1382 1920 sententia
1423 1879 1555 1920 mea
1603 1860 1932 1936 dissidereg
1972 1862 2115 1941 quin
2161 1861 2362 1939 potius

155 1953 596 2033 simplicitatem
613 1952 816 2028 laudo,
845 1975 1070 2034 vosque
1097 1974 1326 2036 precor,
1354 1965 1422 2015 ut
1449 1956 1511 2015 in
1534 1955 1605 2016 iis
1633 1956 1811 2016 etiam
1837 1955 1914 2015 de
1942 1954 2157 2033 quibus
2184 1973 2359 2035 porro

154 2051 462 2121 referetur,
505 2050 718 2110 eodem
758 2050 1032 2112 instituto
1081 2052 1348 2112 utamini.
1435 2055 1495 2111 8.
1540 2051 1727 2110 Amici
1767 2068 1993 2126 reg-um,
2043 2049 2095 2107 si
2135 2051 2237 2128 qui
2283 2068 2359 2110 eo

158 2144 398 2205 nomine
427 2143 593 2224 digni
619 2155 778 2217 sunt,
807 2164 928 2205 non
956 2155 1078 2204 tam
1107 2145 1354 2224 gratiam
1383 2162 1607 2214 eorum,
1625 2162 1798 2222 quarn
1832 2142 2146 2202 utilitatem
2176 2153 2357 2222 atque

157 2239 340 2300 decus
368 2241 430 2299 in
461 2239 711 2300 consilio
738 2240 981 2300 habent.
1065 2239 1180 2306 Qui
1211 2239 1378 2297 aliter
1399 2238 1523 2296 fieri
1550 2247 1776 2309 censet,
1804 2257 1984 2317 quam
2012 2237 2139 2316 ipse
2170 2238 2359 2298 factu-

153 2353 250 2394 rus
279 2345 432 2405 erat,
461 2354 581 2395 non
611 2335 848 2397 instruit
874 2333 1294 2409 consultorem,
1329 2333 1438 2393 sed
1456 2332 1696 2413 decipit.
1779 2336 1838 2393 9.
1862 2334 2181 2405 'Cetei-um,
2201 2344 2268 2393 ut
2294 2345 2357 2394 et

157 2429 322 2489 vobis
351 2428 588 2488 consilii
617 2428 730 2487 mei
759 2431 908 2487 ratio
954 2437 1175 2505 pateat,
1216 2438 1443 2488 certum
1488 2428 1703 2499 habeo,
1735 2427 1876 2488 nihil
1905 2428 2099 2488 minus
2142 2446 2359 2489 conve-

159 2524 282 2583 nire
311 2526 490 2585 rebus
521 2526 689 2595 meis,
713 2542 894 2602 quam
925 2522 1288 2584 dilationem.
1377 2526 1472 2583 10.
1517 2524 1695 2583 Omni
1720 2544 1855 2603 quse
1882 2524 2039 2583 circa
2066 2524 2357 2585 Macedo-

158 2619 314 2679 niam
364 2618 510 2678 colit
550 2618 818 2679 barbarie
859 2630 1093 2699 pacata,
1117 2620 1510 2698 extinctisque
1541 2620 1886 2680 Groecorum
1930 2620 2208 2693 motibus,
2238 2622 2356 2680 for·-

160 2712 454 2773 tissimum
491 2712 1086 2791 florentissimamque
1133 2716 1450 2789 exercitum
1479 2716 1603 2775 otio
1640 2728 1703 2775 et
1730 2714 1963 2775 desidia
1990 2714 2169 2775 dilabi
2190 2717 2353 2794 pati-

161 2826 324 2866 mur:
371 2826 450 2865 an
480 2808 676 2886 potius
705 2808 764 2866 in
815 2806 1294 2887 opulentissimas
1323 2810 1487 2869 Asiae
1524 2810 1794 2888 regiones
1829 2810 2185 2881 inducimus,
2213 2811 2351 2868 olim

161 2902 604 2981 possessionem
636 2902 766 2980 ejus
793 2922 898 2981 spe
943 2903 1338 2982 complexum,
1365 2914 1428 2963 et
1454 2905 1699 2983 praemia
1738 2904 2025 2973 laborum,
2054 2922 2203 2980 quos
2248 2903 2351 2963 diu

164 2998 272 3057 sub
301 3008 472 3079 patre
501 3016 654 3069 meo,
684 2997 902 3069 deinde
929 2998 1102 3058 nobis
1130 2999 1551 3077 imperantibus
1580 2999 1813 3057 tertium
1847 2998 1974 3076 jam
2002 3016 2219 3056 annum
2251 3016 2353 3055 ex-

163 3092 384 3165 hausit,
411 3111 486 3151 ex
515 3091 828 3153 Persarum
869 3094 1070 3173 spoliis
1107 3092 1525 3173 expetentem?
1614 3096 1705 3151 11.
1750 3094 1983 3151 Novum
2018 3091 2215 3153 adbuc
2239 3093 2359 3159 irn-⁴

161 3190 386 3267 perium
418 3188 586 3247 Darii
611 3199 727 3260 est,
753 3198 814 3247 et
837 3190 1146 3249 interfecto
1175 3188 1619 3268 Bagoa,⁰‘cujus
1648 3188 1933 3248 beneficio
1960 3199 2191 3267 regnat,
2218 3208 2350 3248 cru-

164 3284 426 3345 delitatis
447 3292 511 3341 et
535 3282 974 3360 ingratitudinis
1004 3285 1400 3364 suspicionem
1423 3284 1579 3363 apud
1604 3303 1745 3343 suos
1772 3283 2051 3344 incurrit:
2094 3304 2228 3362 quae
2256 3304 2349 3348 res

165 3380 420 3459 optimos
441 3396 665 3448 eorum,
694 3378 796 3455 qui
825 3391 1054 3457 parent,
1083 3377 1224 3438 odio
1268 3378 1551 3439 adversus
1601 3379 1956 3457 imperantes
2002 3376 2267 3455 implent,
2289 3387 2350 3436 et

167 3475 234 3533 ad
257 3474 554 3551 obsequia
581 3474 902 3551 segniores,
929 3485 1035 3534 aut
1059 3476 1236 3535 etiam
1273 3476 1617 3554 praefractos
1660 3472 1935 3533 reddunt.
2025 3474 2117 3528 12.
2163 3472 2217 3527 N
2225 3491 2351 3529 um-

167 3570 304 3649 quid
333 3568 697 3639 sedebimuS,
726 3567 867 3628 dum
909 3571 1228 3630 auctoritas
1277 3571 1405 3650 ejus
1446 3571 1861 3637 confirmetur;
1905 3577 1969 3627 et
1992 3568 2168 3627 rebus
2192 3566 2351 3625 domi

171 3685 265 3741 per
311 3664 503 3724 otium
547 3664 906 3742 compositis,
948 3666 1102 3725 ultro
1145 3667 1365 3726 bellum
1415 3668 1477 3726 in
1528 3664 1943 3725 Macedoniam
1992 3662 2355 3721 transferat?

173 3758 366 3819 Multa
413 3756 732 3817 celeritatis
759 3756 1002 3838 priemia
1043 3772 1204 3833 sunt,
1229 3781 1368 3840 quae
1397 3762 1564 3821 nobis
1606 3760 1976 3821 cessantibus
2003 3758 2078 3816 ad
2122 3757 2353 3815 hostem

169 3854 566 3931 pertinebunt.
657 3854 750 3913 13.
791 3854 1080 3933 Magnum
1108 3857 1168 3914 in
1213 3857 1501 3936 ejusmodi
1528 3856 1780 3933 negotiis
1829 3864 2185 3914 momentum
2214 3862 2352 3931 post

171 3970 232 4009 se
283 3946 467 4007 trahit
512 3947 700 4025 prima
751 3950 1074 4011 animorum
1125 3952 1458 4013 inclinatio:
1497 3962 1559 4013 at
1606 3951 1707 4010 illa
1761 3968 1988 4028 semper
2040 3948 2355 4028 occupanti

229 4120 254 4152 ὓ
289 4119 579 4169 Athenaeus
598 4118 649 4169 in
669 4118 810 4169 Hist.
824 4118 889 4167 de
905 4118 1224 4183 Philbpatre.
1370 4125 1391 4151 ²
1425 4117 1573 4167 Curt.
1595 4128 1673 4165 vr.
1698 4118 1746 4164 4.
1774 4118 1850 4163 ιο.

169 4194 311 4245 Plut.
338 4194 490 4255 Alex,
515 4204 648 4247 extr.
666 4196 802 4251 Just.
821 4207 948 4245 xm.
969 4200 1018 4245 2.

305 4276 482 4340 Delpk.
503 4282 550 4325 et
579 4276 693 4327 Vm·-
713 4274 841 4327 Clas,
1181 4274 1244 4329 Q.
1274 4274 1413 4324 Curt.
2142 4252 2147 4257 ⁶
2178 4254 2234 4305 H
