2858 4782
533 368 664 433 116
695 402 706 409 -
1316 380 1374 429 s.
1423 375 1924 427 raninsnsmu

531 526 640 585 illo
683 521 1048 600 subjiciente,
1086 524 1104 553 ⁴
1127 537 1265 597 spes
1289 519 1326 577 τ’
1365 525 1382 553 ‘
1415 517 1755 577 Eat-undem
1799 517 1984 596 ergo,⁹
2012 516 2226 595 inquit,
2252 522 2271 552 ‘
2309 527 2369 576 et
2406 534 2516 575 nos
2544 514 2721 594 parti-

533 620 696 701 cipes
723 618 960 687 erimus,
989 614 1090 694 qui
1117 613 1234 674 tuis
1264 612 1545 692 auspiciis
1592 611 1951 671 militamus!
2032 612 2090 671 6.
2120 611 2321 672 Pauci
2348 611 2511 670 hunc
2538 611 2717 671 secuti

521 726 705 777 'suntz
747 732 851 792 per
890 722 1119 771 ceteros
1169 728 1289 767 non
1337 708 1537 775 stetit:
1604 707 1747 787 quin
1806 707 2223 785 interrogatus,
2272 712 2291 741 ‘
2314 706 2415 766 ubi
2462 704 2716 766 thesauri

529 812 714 891 ipsius
759 806 1040 878 essent,'‘
1077 824 1213 864 vere
1259 804 1668 885 responderet,
1726 810 1745 843 ‘
1775 802 1935 882 apud
1981 802 2245 863 amieos)
2328 804 2397 861 7.·
2444 802 2603 861 Sane
2646 799 2717 859 de

532 924 762 968 summa
781 922 972 963 rerum
1001 902 1131 961 alea
1141 898 1327 978 jacta,
1357 919 1479 960 non
1506 898 1759 959 absurde
1787 898 2121 958 collocasse
2143 898 2375 957 videtur
2402 915 2545 977 opes
2573 914 2715 974 quas

527 1002 825 1062 babebat:
869 996 1088 1077 quippe
1111 1005 1216 1055 aut
1240 996 1429 1055 victor
1472 995 1659 1056 multo
1684 995 1934 1074 majores
1976 994 2296 1074 adepturus
2338 1003 2469 1052 erat
2484 1011 2503 1062 ς
2546 1002 2647 1052 aut
2670 993 2717 1051 si

528 1098 719 1158 victus
761 1104 944 1166 esset,
983 1093 1100 1152 ista
1137 1111 1374 1172 quoque
1425 1091 1784 1153 amissurus:
1840 1101 2017 1170 atque
2064 1090 2295 1150 interim
2344 1087 2717 1148 alacrioribus

527 1192 808 1251 ministris
857 1190 1168 1249 utebatur:
1241 1192 1300 1247 8.
1357 1208 1553 1267 neque
1612 1188 1862 1247 multum
1916 1185 2279 1246 abscedebat
2330 1182 2714 1262 presentibus

527 1285 996 1355 necessitatibus,
1045 1302 1181 1343 cum
1226 1302 1400 1363 agros
1456 1294 1518 1343 et
1570 1282 1816 1361 praedia,
1871 1292 1933 1341 et
1986 1280 2233 1352 reditus,
2289 1296 2541 1357 quorum
2594 1277 2716 1336 dies

522 1383 712 1443 multo
762 1392 898 1460 post
924 1380 1155 1439 venturi
1203 1390 1394 1452 erant,
1423 1378 1711 1439 donaret:
1754 1378 2012 1458 pecunia
2040 1376 2099 1434 in
2138 1374 2278 1434 belli
2328 1392 2505 1433 usum
2552 1390 2718 1451 sepo-

523 1476 659 1550 sita,
716 1476 885 1555 cujus
939 1486 1164 1554 quanto
1219 1475 1409 1535 minor
1461 1476 1635 1555 copia
1682 1485 1833 1547 erat,
1880 1472 2226 1552 diligentius
2273 1468 2719 1530 administraba-

521 1583 640 1633 tur.
705 1576 766 1633 9.
798 1572 1030 1651 Quippe
1059 1572 1338 1653 Phiiippo
1365 1560 1701 1645 interfecto,
1720 1571 1917 1631 minus
1938 1570 2255 1649 sexaginta
2274 1567 2518 1627 talentis
2542 1584 2717 1646 pecu-

517 1668 638 1727 niae
680 1668 953 1747 signatae,
995 1686 1304 1749 paucaque
1349 1688 1424 1728 ex
1468 1687 1613 1729 auro
1662 1679 1722 1728 et
1765 1676 2011 1745 argento
2056 1662 2277 1745 pocula
2318 1663 2378 1721 in
2426 1662 2714 1721 thesauris
2756 1722 2767 1735 ‚

517 1763 648 1841 ejus
678 1775 911 1844 reperta
937 1774 1076 1822 sunt
1099 1784 1114 1823 z
1137 1778 1162 1815 τ
1203 1784 1337 1825 cum
1380 1765 1515 1824 seris
1556 1764 1734 1823 alieni
1762 1764 2086 1841 quingenta
2134 1760 2315 1819 ferme
2362 1758 2589 1819 talenta
2630 1775 2716 1815 re—

515 1856 826 1936 linqueret.
911 1860 1008 1917 10.
1053 1860 1407 1939 Quanquam
1436 1860 1594 1921 enim
1622 1861 1735 1919 iste
1760 1877 1882 1917 rem
1906 1854 2360 1916 Macedonicam
2388 1852 2713 1932 insignibus

515 1952 892 2011 incrementis
931 1952 1217 2026 auxisset,
1257 1956 1389 2013 auri
1423 1974 1662 2034 quoque
1698 1952 1954 2013 metallis
1998 1950 2159 2031 apud
2202 1947 2495 2009 Crenidas
2516 1950 2543 1985 ²·
2568 1950 2713 2028 (ipse

519 2045 827 2124 Philippos
859 2044 1202 2125 appellavit)
1227 2049 1313 2105 ita
1337 2049 1613 2120 excultis,
1640 2059 1709 2108 ut
1748 2048 1888 2108 inde
1918 2047 2075 2106 mille
2104 2046 2333 2106 talenta
2370 2044 2553 2104 annui
2582 2062 2713 2123 pro-

516 2152 728 2201 ventus
785 2154 1176 2219 cogerentur:
1219 2142 1521 2201 continuis
1574 2143 1764 2215 bellis,
1808 2162 2003 2222 neque
2048 2142 2243 2201 minus
2288 2139 2714 2218 largitionibus,

517 2236 788 2297 erarium
815 2237 1186 2298 exhauserat.
1277 2242 1370 2299 ll.
1417 2238 1795 2299 Macedoniae
1838 2240 2017 2298 etiam
2064 2235 2469 2297 instaurandas
2502 2252 2713 2294 ornan·

521 2332 736 2412 daeque
791 2350 1042 2412 magnos
1099 2341 1326 2394 sumtus
1380 2333 1620 2407 fecerat,
1676 2353 1812 2394 cum
1869 2335 2296 2414 pauperrimam
2364 2330 2708 2410 accepisset.

514 2429 719 2505 Ipsum
760 2429 1122 2490 inter-initia
1164 2431 1330 2508 regui
1373 2447 1612 2490 tenuem
1662 2431 1867 2501 fuisse,
1896 2441 1957 2488 et
1982 2445 2118 2488 cum
2164 2447 2237 2486 ex
2284 2427 2711 2504 quinquaginta

513 2523 807 2582 drachmis
838 2523 962 2582 auri
1011 2523 1288 2602 poculum
1330 2524 1612 2596 haberet,¹
1640 2524 1699 2582 id
1729 2525 1993 2584 cubitum
2042 2531 2281 2581 euntem
2308 2521 2487 2600 capiti
2520 2521 2712 2600 subje-

511 2618 666 2678 cisse
694 2617 956 2695 plerique
981 2618 1392 2679 meminerant.
1480 2621 1577 2678 12.
1621 2619 1814 2697 Hujus
1854 2637 1997 2696 ergo
2042 2617 2198 2676 filius
2226 2616 2385 2675 bello
2406 2604 2710 2677 ‘lacessivit

507 2732 709 2791 regem
756 2711 1092 2784 Persarum,
1119 2713 1212 2771 cui
1260 2731 1531 2773 somnum
1586 2713 1841 2791 capienti
1881 2713 2143 2791 quinque
2190 2710 2546 2771 talentorum
2588 2711 2710 2770 auri

507 2806 694 2867 millia
719 2826 826 2885 pro
852 2799 1172 2878 cervicali,¹‘
1199 2809 1315 2868 tria
1347 2808 1577 2887 argenti
1609 2826 1716 2888 pro
1748 2807 2031 2880 scabello,
2060 2808 2172 2867 sub
2200 2808 2391 2884 capite
2430 2807 2707 2886 pedibus-

507 2923 626 2980 que
654 2903 876 2970 lectuli‚
905 2904 1298 2981 peculiaribus
1327 2893 1611 2965 cubiculis
1659 2904 2043 2964 servabantur
2068 2923 2085 2962 :
2128 2919 2467 2981 quanquam
2497 2902 2575 2962 ad
2606 2919 2710 2980 pa-

509 3007 740 3056 ternum
783 3017 867 3055 oes
907 2997 1164 3058 alienum
1211 3000 1557 3077 octingenta
1596 3001 1837 3078 iusuper
1886 2996 2148 3070 talenta,¹
2172 3016 2308 3077 quae
2348 2997 2475 3076 ipse
2506 3009 2706 3056 mutuo

509 3100 820 3162 sumserat,
849 3089 1198 3167 adjecisset:
1241 3113 1316 3151 ex
1345 3095 1559 3171 quibus
1586 3095 1687 3153 vix
1716 3095 1946 3154 decima
1973 3093 2165 3174 portio
2194 3101 2519 3171 supererat.
2612 3095 2703 3152 13.

507 3184 771 3245 Solvisse
797 3194 996 3243 autem
1023 3185 1235 3246 dicitur
1261 3187 1573 3248 Timotheo
1596 3189 1756 3248 tibiis
1782 3190 2194 3260 concinente?
2222 3205 2569 3265 summaque.
2598 3187 2701 3246 mi-

505 3280 678 3340 litum
725 3279 1052 3352 alacritate,
1079 3299 1222 3360 opes
1264 3283 1645 3342 barbarorum
1688 3303 1838 3362 quos
1886 3295 2296 3363 oppugnatum
2346 3283 2516 3355 irent,
2544 3293 2706 3342 certa

509 3375 728 3437 fiducia
775 3377 886 3437 sibi
926 3375 1400 3437 destinandum?
1488 3381 1583 3436 14.
1630 3379 1763 3437 Hoc
1800 3377 1977 3438 modo
2026 3396 2130 3457 per
2174 3376 2418 3449 lacum,⁰
2458 3396 2633 3454 quem
2668 3395 2705 3436 a

505 3472 679 3531 vicini
723 3474 938 3532 montis
983 3470 1220 3531 nomine
1265 3477 1284 3508 ‘
1315 3471 1685 3532 Cerciniten’
1712 3483 1948 3546 vocant,
1978 3474 2079 3532 ubi
2124 3474 2380 3532 classem
2424 3473 2701 3544 babebat,

505 3567 568 3626 in
595 3567 965 3646 Strymonem
994 3570 1287 3641 invectus,
1315 3569 1719 3648 Amphipolin,
1750 3579 1811 3628 et
1840 3569 2055 3630 deinde
2084 3568 2162 3628 ad
2191 3569 2345 3628 ostia
2374 3568 2699 3647 Strymonis

501 3663 826 3742 processit:
869 3681 988 3741 quo
1015 3662 1282 3741 trajecto,
1305 3675 1517 3742 praeter
1545 3675 1803 3725 montem
1836 3665 2182 3744 Pangoeum,
2206 3665 2357 3723 viam
2388 3664 2694 3743 ingressus

570 3849 590 3883 ¹
616 3850 870 3902 Ammian.
897 3851 1068 3901 Marc.
1091 3863 1223 3903 xxV.
1241 3854 1320 3902 u.
1706 3853 1722 3886 ¹
1754 3853 1958 3904 Arrian.
1978 3855 2014 3904 Ι.
2040 3854 2073 3903 Ι.
2094 3855 2239 3903 Plut.
2262 3855 2415 3904 Alex.
2434 3870 2485 3919 p.
2501 3859 2616 3906 6⁷2.

567 3933 590 3968 ι
627 3926 833 3976 Ari-ian.
863 3940 960 3978 vu.
991 3931 1042 3977 9.
1273 3945 1280 3952 ·
1706 3937 1741 3962 ¹¹²
1774 3928 2038 3978 Himerius
2061 3929 2201 3992 apud
2224 3931 2489 3981 Pli'otium.

567 3995 594 4030 Β
629 3999 786 4048 Diod.
807 4013 922 4049 xvi.
943 4015 995 4063 p.
1013 4007 1126 4051 614.
1702 4010 1727 4037 ¹¹
1758 4004 1958 4056 Justiu.
1984 4017 2063 4053 xi.
2080 4009 2131 4052 6.
2156 4007 2204 4055 8.

566 4072 581 4105 ¹
615 4073 898 4122 Athenaeus
925 4089 1004 4124 iv.
1033 4079 1113 4127 l-t.
1139 4081 1196 4126 et
1221 4089 1295 4125 vr.
1313 4081 1362 4126 4.
1700 4087 1723 4111 ⁰
1758 4079 1965 4130 Ari-ian.
1987 4093 2028 4129 1.
2052 4083 2131 4129 11.

567 4147 594 4180 ⁸
624 4145 705 4198 Id.
730 4161 834 4199 ιιι.
849 4151 901 4197 2.
