2858 4782
519 376 612 442 68
696 417 705 426 -
1107 337 1118 350 .
1323 389 1382 437 J.
1432 383 1755 438 nastusi!
1771 387 1932 436 sun

525 539 786 614 quantus
810 530 990 591 homo
1017 538 1381 601 nasceretur,
1411 544 1711 588 consensu
1739 527 2015 590 traditur.
2100 527 2503 608 obsignatam
2528 529 2731 608 Olym·

517 628 721 708 piadis
737 627 934 687 alvum
961 625 1205 696 annulo,
1225 624 1398 704 cnjus
1415 624 1721 703 sculptura
1739 624 1972 684 leonem
1990 625 2320 704 proeferret,
2341 643 2447 706 per
2470 623 2730 704 quietem

526 723 832 802 Philippus
873 721 1066 783 vidit:
1145 723 1248 782 23.
1293 720 1482 800 Cujus
1531 710 1615 780 rei
1659 721 2001 782 memoriam
2050 721 2305 782 servavit
2343 721 2731 792 Alexandria,

522 837 700 897 quam
725 819 786 876 in
817 817 1077 896 AEgypto
1103 815 1431 888 conditam,
1480 814 1844 896 aliquamdiu
1890 817 2301 897 Leontopolim
2328 817 2731 896 appellavere.

523 915 678 974 Nam
725 912 802 973 de
847 909 1176 973 Alexandri
1203 911 1695 991 magnanimitate
1721 922 1783 972 et
1810 913 2019 975 robore
2048 913 2343 974 somnium
2368 911 2530 974 illud
2558 911 2735 972 inter-

521 1019 788 1098 pretatus
817 1016 947 1069 erat
973 1007 1324 1069 Aristander
1350 1007 1739 1087 peritissimus
1768 1015 1993 1079 vatum,
2038 1008 2141 1088 qui
2179 1017 2393 1089 postea
2432 1024 2643 1069 eomes
2680 1009 2732 1068 ei

519 1105 720 1177 hoesit,
767 1104 1071 1184 sacrisque
1117 1103 1248 1183 ejus
1295 1103 1553 1182 proefuit.
1585 1121 1591 1128 ·
1634 1103 1735 1164 24.
1780 1103 1920 1172 Qua
1962 1111 2165 1164 autem
2212 1115 2390 1164 nocte
2418 1103 2731 1184 Olympias

521 1203 772 1280 peperit,
799 1198 1037 1260 maximi
1065 1217 1172 1278 per
1189 1198 1396 1258 Asiam
1423 1197 1680 1258 nominis
1707 1197 1997 1278 templum
2022 1197 2303 1280 Ephesiae
2332 1197 2599 1258 Dianae
2583 1200 2729 1276 ignis

521 1297 742 1358 hausit.
744 1312 774 1346 ν
869 1292 1162 1355 Intulerat
1211 1313 1349 1354 eum
1403 1293 1720 1373 cujusdam
1764 1293 2024 1354 bominis
2078 1293 2299 1374 perditi
2352 1293 2572 1362 furor·
2634 1293 2732 1372 qui

521 1381 986 1484 comprehensus
1013 1398 1346 1470 tortusque,
1373 1408 1497 1450 non
1526 1388 1643 1449 alia
1670 1399 1869 1449 mente
1897 1389 1961 1449 id
1987 1386 2357 1451 commisisse
2384 1389 2594 1450 fanus
2620 1397 2729 1461 est,

523 1507 700 1568 quam
726 1493 796 1546 ut
819 1504 1040 1566 magno
1067 1483 1268 1565 aliquo
1297 1484 1561 1544 facinore
1589 1483 1931 1546 memoriam
1952 1485 2047 1545 sui
2076 1485 2419 1548 diuturnam
2447 1484 2731 1547 efficeret.

521 1587 622 1643 25.
667 1581 828 1661 Ergo
848 1589 974 1640 tam
998 1579 1142 1642 foedi
1169 1579 1424 1660 exempli
1448 1578 1683 1640 cladem
1710 1599 1835 1640 non
1860 1580 2034 1641 istius
2063 1590 2296 1643 tanturm
2320 1579 2481 1642 aedis
2513 1580 2729 1641 damno

521 1679 890 1740 estimavere
919 1676 1106 1756 Magi,
1129 1677 1235 1757 qui
1261 1685 1389 1737 tum
1438 1676 1662 1757 Ephesi
1704 1675 2040 1757 degebant·
2023 1721 2041 1746 ,
2082 1695 2291 1739 verum
2332 1697 2445 1757 pro
2494 1675 2729 1756 majoris

517 1777 708 1836 ruinas
733 1773 1030 1854 praesagio
1056 1772 1370 1844 babentes,
1395 1782 1583 1834 totam
1610 1774 1817 1835 urbem
1846 1773 2075 1834 moestis
2102 1773 2421 1855 implevere
2464 1771 2729 1834 clamori·

517 1873 634 1932 bus
655 1889 671 1930 ι
693 1885 696 1890 ·
717 1875 734 1904 ‘
757 1877 1024 1929 exortem
1069 1866 1287 1928 alicubi
1317 1869 1528 1939 facem,
1554 1866 1725 1946 cujus
1753 1867 2051 1942 incendio,
2078 1868 2326 1930 similem
2354 1868 2431 1928 ob
2458 1885 2726 1938 causam,

521 1973 682 2026 totus
725 1964 869 2024 olim
918 1962 1134 2022 Oriens
1179 1962 1655 2039 conflagratums
1700 1961 1943 2023 esset&
2026 1965 2127 2023 26.
2184 1964 2365 2023 Forte
2408 1983 2523 2044 per
2572 1960 2725 2022 idem

517 2073 757 2141 tempus
794 2057 1133 2120 Potidaeam
1177 2057 1630 2118 Atheniensium
1676 2056 1975 2118 coloniam
2018 2057 2332 2138 Philippus
2382 2061 2720 2138 subegerat,

519 2175 657 2218 cum
703 2166 766 2218 et
809 2154 1090 2235 Olympia
1133 2151 1437 2233 quadrigis
1468 2171 1535 2212 se
1561 2152 1773 2224 vicisse
1800 2151 2117 2232 cognovit:
2160 2165 2225 2214 et
2248 2171 2291 2213 a
2311 2153 2721 2224 Parmenione,

517 2271 697 2331 quem
725 2253 786 2312 in
821 2248 1089 2331 Illyricos
1115 2250 1376 2322 miserat,
1401 2249 1640 2328 majoris
1684 2249 1969 2308 momenti
2014 2249 2260 2309 nuntius
2306 2249 2495 2324 venit,
2538 2248 2719 2308 ‘fusis

517 2347 746 2427 ingenti
781 2344 990 2427 prelio
1031 2345 1318 2419 barbaris,
1363 2343 1737 2406 Macedonas
1778 2361 2061 2424 prospere
2103 2344 2546 2425 pugnavisse.'‘
2625 2345 2717 2401 27.

519 2442 826 2503 Exultanti
847 2454 968 2503 tam
985 2442 1130 2503 loeto
1145 2442 1364 2521 ubique
1387 2452 1657 2504 votorum
1676 2440 1838 2503 exitu
1854 2441 2035 2503 etiam
2053 2440 2131 2506 de
2156 2441 2533 2521 Olympiadis
2554 2448 2721 2521 partu

516 2538 919 2600 renuntiatum
945 2549 1078 2598 est:
1119 2558 1232 2598 nec
1255 2539 1597 2599 dubitavere
1645 2548 1833 2609 vates,
1876 2537 2199 2600 ‘invictum
2238 2540 2385 2611 sore,
2424 2538 2535 2618 qui
2572 2538 2721 2597 inter

515 2643 610 2695 tot
635 2632 1011 2693 victoriarum
1035 2633 1268 2713 palmas
1297 2634 1683 2695 nasceretur.'
1748 2636 1853 2694 28.
1896 2634 2121 2696 Ferunt
2146 2642 2239 2695 tot
2263 2633 2442 2694 simul
2476 2650 2721 2715 prospe-

515 2747 713 2791 rarum
751 2720 944 2789 rerum
971 2728 1212 2789 cumulo
1241 2729 1557 2789 attonitum
1585 2747 1809 2810 regem,
1838 2736 1901 2788 et
1924 2728 2207 2789 invidiam
2230 2728 2429 2790 Deum
2451 2729 2718 2798 veritum,

387 2840 394 2847 ‘
515 2828 782 2888 oravisse
823 2825 1128 2899 Nemesin,
1170 2829 1188 2858 ‘
1215 2836 1292 2905 ut·
1337 2826 1453 2886 hoc
1507 2826 1763 2887 fortuna
1817 2826 2169 2904 obsequium
2222 2824 2464 2886 modica
2524 2825 2717 2904 aliqua

515 2922 858 2984 calamitate
877 2920 1084 2981 ulcisci
1111 2931 1396 2981 contenta
1420 2921 1612 2982 foret.’
1692 2922 1791 2982 29.
1837 2919 2147 2983 Proditum
2174 2921 2353 2981 etiam
2378 2930 2477 2982 est
2501 2937 2717 2983 memo-

513 3020 640 3091 rio,
685 3026 702 3052 ‘
724 3018 785 3077 in
813 3016 1035 3097 oppido
1061 3016 1271 3088 Pella,·
1296 3017 1451 3077 duas
1472 3019 1700 3097 aquilas
1722 3019 1785 3078 in
1800 3018 2057 3079 culmine
2086 3017 2323 3091 domus,
2351 3018 2455 3079 ubi
2469 3033 2715 3100 puerum

515 3113 692 3171 enixa
745 3123 874 3172 erat
925 3113 1154 3189 regina,
1209 3122 1338 3172 tota
1391 3112 1491 3171 die
1545 3114 1883 3191 persedisse
1914 3132 1930 3173 τ
1987 3114 2208 3192 gemini
2258 3132 2365 3192 per
2418 3112 2714 3191 Europam

517 3206 842 3284 Asiamque
886 3206 1117 3285 imperii
1165 3208 1479 3286 augurium
1524 3208 1587 3267 id
1616 3209 1844 3282 fuisse‚'
1869 3218 2011 3287 post
2030 3220 2310 3269 eventum
2336 3208 2513 3269 facile
2541 3210 2713 3269 inter-

513 3301 728 3382 pretati
753 3312 918 3363 sunt.
993 3308 1012 3337 ⁴
1033 3302 1272 3362 Terram
1292 3322 1532 3383 quoque
1558 3315 1682 3365 tum
1706 3306 1987 3377 movisse,
2012 3322 2408 3383 magnamque
2436 3306 2715 3365 tonitruo-

513 3417 646 3458 rum
673 3398 1100 3477 fulminumque
1127 3399 1246 3459 vim
1274 3402 1541 3479 erupisse
1566 3400 1759 3474 coelo,'
1798 3410 2072 3460 auctores
2093 3398 2309 3461 babeo.
2392 3402 2492 3461 30.
2524 3400 2710 3461 Natus

515 3504 612 3554 est
651 3506 870 3567 autem,
915 3502 984 3554 ut
1029 3494 1424 3555 accuratiores
1482 3494 1747 3566 tradunt,
1789 3494 2107 3574 incipiente
2150 3494 2509 3574 Olympiade
2550 3503 2711 3555 sexta

515 3606 697 3670 supra
749 3589 1156 3663 centesimam,
1210 3599 1465 3670 praetore
1494 3589 1747 3651 Athenis
1791 3590 2028 3669 Elpine,
2072 3590 2149 3651 A.
2178 3589 2259 3653 D.
2294 3608 2427 3651 xn.
2458 3588 2709 3651 Kalend.

515 3686 722 3745 Sextil.
771 3704 946 3764 quem
993 3696 1118 3747 tum
1163 3704 1431 3747 mensem
1478 3686 1847 3747 Macedones
1890 3695 1906 3721 ⁸
1929 3685 2113 3747 Loum
2137 3686 2153 3711 '
2195 3687 2561 3747 vocabant2⁸
2594 3688 2707 3763 q'uo

515 3790 780 3859 tempore
807 3799 948 3862 pop.
979 3782 1155 3842 Rom.
1183 3780 1835 3861 quadringentesimum
1862 3783 1985 3843 fere
2013 3800 2232 3843 annum
2256 3802 2467 3863 agens,
2493 3783 2705 3855 vicino-

582 3967 768 4015 ⁰Plut.
794 3966 945 4016 Alex.
973 3983 1022 4031 p.
1045 3974 1159 4019 666.
1718 3978 1738 4003 ¹
1760 3969 1839 4019 Id.
1867 3969 2169 4020 biduana.
2190 3976 2385 4022 sinle-

583 4045 608 4079 Ρ
633 4038 814 4089 ld.1.1.
848 4042 958 4091 Cic.
983 4042 1050 4092 de
1075 4045 1201 4093 Nat.
1219 4044 1571 4097 Deor.11.26.
1716 4054 1737 4079 ·
1758 4045 1943 4109 Pomp.
1964 4045 2111 4094 Mela
2127 4057 2189 4093 ιι.
2214 4048 2261 4095 8.

513 4116 1735 4169 Valer.Max.v1n.1s.⁸
1768 4120 1913 4171 Plut.
1950 4122 2141 4199 p'.⁶⁰⁵‘

582 4190 738 4243 Cic.
761 4192 828 4241 de
853 4192 1031 4244 Divin.
1045 4208 1083 4243 1.
1099 4198 1182 4244 2³
