2858 4782
496 352 628 420 148
1296 365 1353 412 J.
1402 361 1909 412 Faniusnann

495 529 634 574 cum
659 505 866 570 vicinis
880 503 1374 567 Telmissensihus
1404 504 1761 577 simultates,
1783 519 2128 584 quanquam
2154 505 2422 585 ejusdem
2451 507 2706 568 nationis

494 612 718 676 ment,
744 601 1058 663 amicitiam
1107 621 1176 662 ac
1205 601 1428 662 auxilia
1454 599 1783 662 offerebant
1831 601 1981 680 regi.
2062 600 2299 670 Quibus
2342 602 2707 684 perbenigne

493 699 780 781 exceptis,
807 718 884 760 ne
909 697 970 758 in
1001 698 1312 760 obsidione
1351 698 1529 759 unius
1576 697 1740 758 urbis
1786 705 2019 778 tempus
2050 707 2285 772 tereret,
2314 699 2705 780 Sagalassum

493 806 692 858 castra
713 795 931 862 movit;
975 793 1232 854 validam
1273 795 1479 855 urbem
1504 803 1567 854 et
1592 793 1925 873 juventutis
1954 794 2165 856 robore
2192 795 2525 855 firmatam:
2570 815 2707 856 cum

493 893 649 954 enim
675 909 883 954 omnes
912 888 1136 951 Pisidae
1162 890 1431 952 bellicosi
1473 891 1615 964 sint,
1645 890 2113 971 Sagalassenses
2151 909 2277 971 proe
2314 891 2527 953 ceteris
2554 910 2711 971 pug-

492 1007 676 1050 naces
709 987 1024 1048 habentur.
1113 989 1208 1047 10.
1251 987 1321 1060 Ii,
1365 1005 1507 1048 cum
1548 986 1729 1046 etiam
1757 1004 1796 1047 a
1818 986 2115 1047 Telmisso
2158 986 2465 1048 foederatos
2496 988 2709 1048 socioe·

493 1103 612 1164 que
634 1083 827 1164 copim
855 1082 1177 1154 venissent,
1207 1081 1346 1142 viris
1373 1082 1567 1162 magis
1604 1097 1785 1163 quam
1832 1082 2131 1142 moenibus
2154 1082 2391 1154 confisi,
2418 1083 2481 1141 in
2512 1081 2707 1143 vicino

491 1178 646 1240 colle
685 1178 1090 1240 instruxerant
1133 1177 1322 1238 aciem
1338 1197 1358 1246 ς
1400 1188 1464 1238 et
1492 1177 1835 1258 praemissos
1882 1178 1957 1236 ab
1984 1174 2327 1238 Alexandro
2359 1173 2571 1238 velites
2598 1193 2707 1254 op·

491 1275 854 1354 portunitate
903 1275 1018 1335 loci
1068 1273 1256 1355 adjuti
1301 1275 1681 1355 repulerant:
1724 1272 1833 1336 sed
1872 1271 2117 1353 Agriani
2166 1273 2547 1341 resistebant,
2574 1273 2706 1351 quis

490 1371 822 1452 propinqua
836 1370 964 1449 jam
993 1370 1394 1433 Macedonum
1422 1371 1707 1453 phalanx,
1734 1380 1797 1430 et
1824 1381 1963 1430 ante
1990 1368 2183 1448 prima
2222 1368 2397 1448 signa
2424 1387 2531 1430 rex
2558 1387 2705 1428 con·

493 1478 735 1547 spectus
783 1465 1090 1527 audaciam
1132 1466 1467 1528 addiderat.
1552 1469 1649 1530 11.
1693 1465 1995 1528 Maximus
2040 1465 2213 1526 militi
2241 1465 2413 1526 labor
2459 1463 2576 1525 fuit
2598 1481 2705 1546 per

493 1561 682 1623 ardua
714 1562 982 1624 connitiz
1021 1579 1336 1642 postquam
1365 1561 1731 1642 oequioribus
1760 1561 1943 1641 paulo
1964 1559 2117 1622 locis
2142 1563 2473 1622 consistere
2496 1560 2705 1621 datum

491 1669 606 1732 est,
655 1675 1006 1720 semermum
1052 1667 1471 1720 montanorum
1510 1659 1732 1738 vulgus
1780 1657 1945 1718 haud
2001 1676 2161 1738 egre
2206 1657 2517 1738 disjecere.
2612 1657 2703 1715 Ex

494 1755 898 1816 Macedonum
927 1755 1180 1816 ducibus
1211 1753 1511 1815 Cleander
1548 1753 1927 1814 desideratus
1954 1749 2097 1826 est,¹¹
2122 1771 2259 1814 cum
2286 1753 2497 1834 viginti
2524 1752 2704 1814 ferme

494 1851 819 1918 militibus:
887 1852 1270 1912 barbarorum
1341 1848 1419 1908 ad
1468 1851 1833 1928 quingentos
1876 1848 2187 1910 cecidere:
2230 1859 2463 1909 ceteros
2523 1867 2702 1927 expe·

493 1948 620 2007 dita
667 1948 832 2028 fug-a,
877 1958 940 2009 et
977 1947 1244 2008 locorum
1291 1946 1504 2006 notitia
1548 1947 1825 2025 protexit.
1917 1949 2013 2008 12.
2076 1945 2465 2027 Fugientibus
2500 1956 2702 2007 tamen

491 2042 710 2102 institit
733 2062 837 2104 rex
859 2043 1240 2104 contentione
1261 2051 1491 2120 quanta
1527 2050 1763 2120 poterat
1800 2053 1923 2101 tam
1964 2061 2142 2122 grave
2168 2058 2417 2122 agment
2462 2042 2704 2104 eodem-

491 2158 608 2217 que
653 2139 876 2219 impetu
921 2139 1060 2198 urbs
1109 2156 1312 2201 eorum
1351 2147 1533 2216 capta
1578 2147 1693 2200 est.
1776 2137 1895 2198 Per
1944 2149 2145 2199 cetera
2188 2138 2407 2200 deinde
2460 2137 2701 2199 Pisidiae

489 2233 720 2294 munita
770 2234 905 2295 loca
957 2232 1322 2295 circumtulit
1377 2232 1649 2292 bellum:
1722 2249 1973 2311 quorum
2028 2232 2319 2294 nonnulla
2370 2231 2701 2314 pugnando

489 2330 686 2409 cepit:
753 2329 873 2390 alia
927 2328 1366 2390 conditionibus
1420 2327 1485 2387 in
1538 2326 1720 2386 fidem
1773 2337 2089 2390 venerunt.
2186 2326 2272 2388 13.
2343 2328 2699 2388 Telmissum

489 2436 912 2505 expugnatam,
939 2428 1018 2486 ob
1045 2424 1426 2506 pertinaciam
1458 2424 1697 2495 civium,
1726 2423 1857 2485 solo
1898 2424 2159 2503 oequavit
2180 2444 2197 2491 3
2218 2425 2237 2461 ¹
2274 2424 2498 2505 populo
2526 2425 2699 2484 liber-

489 2532 672 2582 tatem
713 2521 966 2589 ademitz
1011 2532 1074 2581 et
1099 2520 1279 2601 paulo
1309 2529 1469 2599 post,
1496 2537 1637 2578 cum
1667 2518 1799 2579 aliis
1831 2517 2189 2597 quibusdam
2218 2518 2465 2579 Pisidioe
2492 2518 2699 2580 civita·

487 2617 668 2688 tibus,
715 2616 1090 2677 Celoenarum
1129 2615 1503 2696 proefecturae
1548 2614 1895 2675 contribuit.
1980 2616 2079 2675 14.
2144 2615 2387 2676 Pacatis
2428 2614 2593 2676 hunc
2636 2615 2697 2673 in

487 2712 732 2773 modum
759 2709 1094 2793 asperrimis
1131 2711 1498 2782 nationibus,
1526 2712 1588 2771 in
1618 2709 1940 2791 Phrygiam
1992 2706 2333 2790 processit,k
2358 2730 2481 2790 qua
2508 2712 2699 2771 Asca·

484 2810 623 2869 nius
667 2808 834 2869 lacus
889 2816 1005 2880 est,
1043 2808 1214 2887 cujus
1262 2826 1422 2887 aqua
1476 2826 1589 2868 sua
1636 2821 1849 2887 sponte
1896 2822 2292 2867 concrescens
2342 2807 2697 2867 necessitate

487 2904 630 2965 salis
657 2923 692 2965 e
720 2904 1048 2984 longinquo
1075 2903 1322 2985 petendi
1372 2902 1551 2965 solvit
1594 2904 1857 2965 accolas.
1948 2905 2043 2963 15.
2085 2901 2249 2962 Dum
2276 2920 2349 2962 ea
2394 2912 2697 2981 geruntur,

489 3000 776 3061 Memnon
803 3018 1042 3060 suarum
1069 3000 1326 3079 partium
1370 2999 1637 3080 reliquiis
1684 3000 1949 3079 undique
1990 2996 2281 3069 collectis,
2308 3007 2379 3057 ut
2402 2996 2693 3058 inhaeren-

486 3105 609 3155 tem
637 3095 797 3155 Asiae
839 3092 1242 3167 Alenandrum
1289 3103 1693 3175 extorqueret,
1736 3094 1815 3153 ad
1862 3092 2086 3154 bellum
2118 3091 2375 3153 Groecioe
2406 3090 2695 3154 Macedo-

485 3188 722 3268 niaeque
765 3188 1136 3249 inferendum
1190 3188 1587 3268 cogitationes
1640 3187 1971 3251 convertit.¹
2058 3188 2155 3249 16.
2196 3188 2433 3267 Quippe
2476 3187 2690 3248 Darius

485 3286 548 3343 in
602 3283 717 3344 hoc
770 3303 892 3345 uno
947 3301 1113 3361 spem
1168 3302 1486 3365 reponens,
1542 3286 1647 3365 qui
1694 3285 1935 3346 victoris
1979 3283 2262 3364 impetum
2322 3301 2435 3344 sua
2479 3284 2690 3344 virtute

485 3398 714 3459 suaque
767 3378 1086 3460 prudentia
1133 3379 1467 3442 diutissime
1515 3381 1593 3442 ad
1648 3381 2143 3443 Halicarnassum
2196 3389 2479 3465 moratus-
2508 3388 2688 3451 esset,

485 3494 734 3538 summoe
761 3493 954 3535 rerum
987 3472 1336 3554 prefecerat
1363 3496 1521 3550 eum,
1552 3494 1954 3556 magnamque
1981 3476 2251 3555 pecuniae
2274 3478 2395 3537 vim
2420 3475 2689 3537 transmi·

485 3582 664 3635 serat.
752 3572 845 3633 17.
891 3571 1097 3650 ltaque
1125 3573 1616 3633 mercenariorum
1649 3590 1827 3631 manu
1854 3582 2081 3651 quanta
2104 3582 2341 3653 poterat
2366 3572 2684 3641 conducta,

484 3689 622 3731 cum
649 3676 1042 3746 trecentarum
1085 3666 1322 3728 navium
1363 3668 1563 3729 classe
1604 3667 1791 3729 libero
1832 3668 1979 3729 mari
2008 3669 2335 3748 vagabatur
2352 3675 2413 3737 ς·
2451 3678 2513 3729 et
2554 3666 2686 3749 'iquoe

485 3766 668 3826 tantis
701 3763 1013 3824 conatibus
1051 3762 1304 3824 advers-a
1344 3764 1440 3825 vel
1482 3782 1660 3844 oequa
1704 3764 1907 3823 sutura
1946 3774 2151 3825 essent
2184 3762 2387 3825 solerti
2430 3765 2685 3825 aestima·

483 3863 644 3921 tione
673 3861 982 3940 pensabat.
1071 3862 1164 3920 18.
1209 3860 1445 3922 Interea
1473 3860 1619 3923 locis
1648 3880 1784 3940 quse
1813 3860 2009 3921 minus
2056 3860 2227 3921 anxie
2268 3859 2685 3921 custodieban-

550 4046 574 4078 Ι·
608 4045 812 4097 ld.1.1.
1512 4070 1519 4079 ·
1692 4045 1707 4079 ¹
1736 4044 1821 4095 Id.
1846 4059 1907 4096 ιι.
1930 4049 1983 4095 l.

547 4123 563 4157 ¹
593 4122 774 4171 Suidas
797 4136 910 4173 voc.
966 4128 1256 4184 τὸλμισσεῖς.
1692 4130 1728 4159 ¹⁸
1760 4120 1917 4171 Diod.
1938 4120 2029 4174 101.
2055 4134 2109 4185 p.
2131 4120 2252 4173 577.

550 4196 574 4233 ⁸
609 4200 813 4251 Arrian.
833 4211 872 4249 1.
897 4202 982 4250 80.
1141 4218 1153 4230 ’
