2858 4782
461 314 590 381 10⁴
1251 330 1308 377 J.
1357 324 1863 377 raninsmfflu

464 472 568 551 qui
595 490 731 533 cum
759 487 976 549 magno
1013 487 1152 551 rege
1185 480 1250 529 et
1279 468 1582 529 Thebanis
1607 466 1955 529 Graecorum
1991 465 2320 527 libertatem
2366 464 2675 527 adversus

461 578 777 649 tyrannum
802 583 1062 625 asserere
1092 562 1336 637 vellent,
1361 582 1468 624 eos
1498 563 1659 643 apud
1685 563 1921 623 Thebas
1948 562 2281 641 perfugium
2304 560 2679 621 habituros.'

469 664 566 727 18.
598 662 726 721 Nec
747 670 946 721 tamen
967 658 1290 721 Alexandri
1313 660 1561 741 imperio
1588 669 1933 741 oppugnata
1958 660 2103 719 urbs
2122 668 2249 726 θοις
2280 658 2410 729 sed,
2429 668 2497 717 ut
2514 656 2681 717 Pto-

464 760 707 819 lemoeus
735 751 1016 833 tradidit,¹
1039 760 1206 833 (nam
1233 756 1477 836 quidam
1497 756 1667 818 aliter
1690 758 1976 830 narrant,)
2004 753 2345 825 Perdiccas,
2362 754 2467 831 qui
2493 752 2557 811 in
2586 770 2679 810 ea

466 864 790 915 castrorum
833 862 1000 933 parte
1033 855 1299 928 curabat,
1341 874 1477 933 quae
1519 852 1677 913 vallo
1715 850 1996 922 hostium,
2036 870 2157 929 quo
2200 848 2527 909 Cadmeam
2569 848 2681 907 in-

467 950 790 1021 cluserant,
819 952 1070 1009 obversa
1097 959 1242 1025 erat,
1269 968 1392 1009 non
1417 960 1729 1030 expectato
1758 948 1931 1027 signo
1958 948 2243 1026 impetum
2269 948 2327 1005 in
2358 963 2463 1004 eos
2492 944 2641 1005 fecit
2658 963 2685 1003 .·.

469 1054 864 1124 superatoque
903 1044 1270 1105 munimento
1309 1064 1525 1105 manus
1562 1064 1698 1103 cum
1737 1044 1913 1103 hoste
1952 1060 2263 1103 conserere
2298 1042 2514 1119 coepit;
2564 1038 2683 1099 19.

469 1150 532 1199 et
557 1140 898 1220 Amyntam,
923 1139 1025 1221 qui
1051 1159 1188 1200 cum
1216 1160 1327 1201 sua
1352 1140 1597 1202 cohorte
1634 1142 1813 1221 juxta
1845 1141 2039 1219 ipsum
2077 1138 2383 1209 tendebat,
2410 1145 2481 1195 ut
2504 1134 2691 1195 idem

471 1234 739 1304 auderet,
765 1236 1040 1315 exemplo
1065 1236 1369 1314 permovit.
1440 1240 1543 1297 20.
1572 1237 1719 1296 Mox
1745 1234 2086 1297 Alexander
2114 1234 2238 1294 suis
2266 1234 2501 1301 timens,
2528 1248 2691 1290 cum

473 1338 602 1388 tota
626 1329 928 1409 copiarum
955 1330 1108 1390 mole
1136 1329 1322 1403 affuit,
1351 1342 1414 1391 et
1457 1339 1475 1364 ·
1501 1330 1707 1391 leviter
1732 1330 1973 1391 armatis
1998 1348 2397 1411 perrumpere,
2424 1326 2693 1405 suisque

473 1424 698 1485 auxilio
723 1424 808 1486 ire
824 1424 840 1451 '
872 1426 1083 1504 jussis,
1108 1427 1238 1505 ipse
1265 1446 1401 1487 cum
1427 1426 1669 1505 reliquis
1701 1444 1809 1505 pro
1833 1425 1991 1486 vallo
2017 1425 2302 1486 substitit.
2384 1424 2487 1483 21.
2528 1420 2693 1481 Acri

473 1532 750 1583 conserto
797 1521 1000 1600 praelio
1038 1522 1375 1595 Perdiccas,
1416 1522 1559 1583 dum
1600 1524 1843 1583 interius
1879 1520 2099 1583 vallum
2134 1520 2389 1595 molitur,
2416 1518 2697 1595 graviter

477 1617 716 1678 saucius
757 1636 962 1696 pugna
999 1616 1322 1687 effertur3¹¹²
1361 1630 1422 1679 et
1448 1618 1823 1680 Cretensium
1851 1617 2289 1700 sagittariorum
2315 1614 2508 1688 multi,
2536 1632 2697 1675 cum

479 1711 785 1791 Eurybota
838 1711 989 1773 duce
1047 1732 1157 1772 suo
1211 1713 1457 1775 cadunt.
1539 1714 1805 1775 Thebani
1858 1710 2145 1793 perculsis
2194 1712 2441 1781 instant,
2484 1720 2547 1769 et
2594 1710 2693 1769 ad

479 1807 886 1865 Alexandrum
931 1807 1290 1885 refugientes
1333 1811 1749 1889 insequuntur.
1832 1811 1927 1868 22.
1974 1808 2065 1867 Ibi
2090 1826 2229 1869 cum
2255 1807 2699 1868 rexinstrnctt

478 1900 776 1980 phalange
811 1901 1115 1981 dispersos
1141 1916 1204 1963 et
1227 1906 1496 1965 turbatos
1533 1904 1793 1964 bostium
1820 1904 2059 1965 ordines
2088 1902 2429 1971 invaderem
2472 1902 2699 1963 statim

481 2015 652 2056 versa
687 2018 904 2079 pugnae
955 2001 1212 2076 fortuna,
1255 2010 1422 2060 tanta
1449 2000 1864 2059 Thebanorum
1892 1998 2209 2079 trepidatio
2232 1999 2366 2071 fuit,
2392 2009 2463 2057 ut
2488 2018 2567 2057 ne
2594 1998 2695 2057 ad

481 2104 684 2171 portas
734 2094 994 2172 quidem,
1041 2116 1149 2177 per
1193 2115 1346 2176 quas
1394 2095 1456 2154 in
1504 2094 1711 2153 urbem
1755 2112 1823 2153 se
1866 2102 2232 2173 receperant,
2269 2090 2695 2151 occludenda

484 2198 680 2247 mente
703 2202 1140 2270 competerent:
1169 2192 1344 2252 simul
1367 2189 1469 2269 qui
1492 2188 1817 2249 Cadmeam
1836 2190 2136 2257 tenebant,
2156 2187 2213 2245 in
2238 2186 2539 2266 subjectos
2556 2190 2696 2249 arci

482 2282 654 2353 vicos,
673 2299 1076 2348 excurrerunt.
1158 2289 1260 2347 23.
1289 2288 1380 2347 lta
1410 2285 1775 2346 nobilissima
1792 2284 2044 2345 Groeciae
2068 2285 2209 2345 urbs
2236 2283 2391 2342 intra
2418 2284 2695 2345 eundem

485 2377 642 2438 diem
685 2390 1036 2460 oppugnata
1081 2393 1144 2443 et
1182 2393 1359 2462 capta
1398 2391 1513 2446 est.
1598 2379 1845 2452 Nullum
1874 2379 1933 2438 in
1978 2399 2051 2440 ea
2077 2377 2447 2440 crudelitatis
2476 2399 2697 2440 exem-

484 2471 644 2550 plum
672 2478 1132 2553 proetermissum
1173 2488 1445 2539 constat:
1486 2479 1641 2538 viros
1668 2476 2058 2556 foeminasque
2085 2477 2421 2555 promiscua
2446 2487 2697 2555 strages

486 2566 720 2638 hausit:
765 2589 877 2631 nec
921 2574 996 2632 ab
1035 2574 1402 2654 impuberum
1442 2573 1610 2634 caede
1650 2585 2039 2651 temperatum
2066 2581 2181 2633 est.
2262 2574 2365 2632 24.
2406 2571 2699 2632 Phocen-

487 2663 637 2748 sium
668 2664 1210 2748 Plataeensiumque
1235 2681 1299 2730 et
1326 2669 1851 2730 Orchomeniorum
1898 2679 1961 2728 et
2000 2667 2451 2746 Thespiensium
2486 2687 2562 2728 ea
2588 2669 2696 2728 in-

485 2759 666 2822 famia
691 2762 835 2832 fuit:
855 2770 880 2796 ³
911 2765 1128 2844 quibus
1155 2765 1318 2839 olim,
1349 2765 1493 2826 dum
1518 2766 1805 2826 Thebana
1830 2784 1927 2826 res
1951 2763 2209 2835 valebat,
2236 2763 2447 2824 vicinoe
2470 2763 2699 2824 civita-

485 2857 564 2916 tis
593 2857 897 2936 opulentia
923 2860 1173 2923 exitiosa
1199 2862 1425 2923 fuerat:
1470 2859 1833 2922 Macedones
1883 2858 2042 2920 ultra
2084 2859 2177 2918 fas
2220 2857 2359 2919 belli
2402 2877 2523 2918 non
2566 2878 2697 2919 sm-

487 2953 664 3014 viere.
747 2958 848 3015 25.
890 2957 1179 3030 Tandem,
1223 2967 1242 2993 ⁸
1269 2970 1338 3020 ut
1361 2958 1631 3020 coedibus
1658 2956 2091 3028 abstineretur,’
2114 2953 2541 3032 proclamatum
2570 2966 2699 3030 est,

490 3066 628 3112 cum
672 3048 800 3126 jam
846 3069 954 3110 sex
999 3052 1302 3112 hominum
1346 3054 1570 3113 millia⁰
1604 3053 1951 3131 periissent:
1994 3051 2209 3111 ceteris
2236 3051 2446 3128 captis,
2474 3050 2547 3109 ad
2580 3051 2697 3112 tri-

493 3141 662 3224 ginta
691 3141 877 3203 millia
901 3145 1214 3220 liberorum
1242 3147 1503 3226 capitum
1546 3148 1877 3206 venierunt.
1960 3147 2061 3205 26.
2104 3151 2121 3178 ‘
2153 3144 2245 3204 Ex
2280 3143 2441 3204 omni
2480 3147 2699 3224 prada

491 3236 928 3318 quadringenta
973 3250 1037 3300 et
1084 3240 1484 3322 quadraginta
1530 3239 1759 3301 talenta
1802 3239 2047 3302 redacta
2085 3239 2271 3300 fuisse
2287 3239 2304 3267 '
2348 3241 2698 3304 Clitarchus

491 3333 772 3395 tradidit:
791 3347 818 3382 1²
845 3335 966 3408 alii,
999 3343 1017 3371 ‘
1035 3356 1110 3398 ex
1137 3338 1326 3418 pretio
1352 3337 1719 3418 captivorum
1744 3335 1806 3397 id
1826 3336 2099 3417 pecunioe
2125 3335 2443 3397 effectum!
2460 3346 2489 3382 ‘⁸
2528 3337 2659 3398 Cen
2670 3339 2706 3386 -'

491 3439 621 3492 tum
645 3431 888 3504 talenta,
919 3453 1054 3512 quae
1107 3433 1404 3494 Thebanis
1440 3433 1715 3493 Thessali
1762 3432 2082 3504 debebant,
2132 3429 2473 3490 Alexander
2492 3433 2699 3494 ‘sociis

492 3537 742 3608 accepto
773 3527 929 3590 tulit.
1014 3531 1118 3590 27.
1161 3529 1347 3590 Pauci
1372 3548 1527 3609 quos
1553 3528 1773 3589 bellum
1812 3526 2169 3587 dissuasisse
2196 3527 2535 3599 constabat,
2564 3546 2697 3588 ser-

491 3625 740 3686 vitutem
769 3623 1140 3704 effugerunt:
1181 3627 1320 3686 item
1351 3625 1739 3698 sacerdotes:
1763 3635 1827 3685 et
1868 3641 2117 3702 quorum
2160 3621 2423 3700 hospitio
2448 3642 2553 3682 rex
2580 3643 2697 3704 pa-

491 3729 652 3780 terve
679 3720 808 3800 ejus
835 3739 981 3784 usus
1011 3731 1191 3783 esset.
1274 3723 1374 3782 28.
1417 3722 1513 3782 Ex
1537 3719 1775 3800 reliquis
1801 3717 2133 3780 Timoclea·
2160 3717 2376 3777 nobilis
2412 3716 2697 3780 facinoris

555 3890 571 3924 ¹
607 3891 815 3941 Arrian-
849 3907 888 3944 ι.
928 3897 978 3944 8.
1013 3893 1254 3958 Polyaen.
1287 3893 1455 3945 Strat.
1475 3907 1553 3945 iv.
1698 3899 1725 3934 Ρ
1757 3891 2039 3942 Athenon·
2060 3903 2138 3942 iv·

499 3970 550 4016 8.
570 3969 653 4015 12.
1696 3976 1724 4012 «ι
1759 3967 1911 4017 Diod.
1932 3967 1969 4017 1.
1992 3965 2031 4016 1.

563 4047 602 4078 ⁸·
628 4040 835 4092 Arrian.
857 4043 892 4098 Ι,
916 4043 954 4092 l.
1700 4051 1721 4078 ²
1752 4043 1898 4092 Plut.
1920 4040 2081 4092 Alex.
2100 4055 2154 4105 p.
2172 4043 2290 4091 0⁷0.
2308 4039 2541 4090 AElianns
2562 4039 2691 4090 Ver.

564 4124 590 4152 ¹·
624 4116 829 4168 Arrian-
849 4119 885 4170 1.
904 4119 940 4170 1.
969 4118 1128 4170 Diod.
1146 4133 1291 4173 xvir.
1309 4135 1364 4187 p.
1387 4125 1503 4172 509.
1637 4118 1776 4169 Hist-
1798 4131 1927 4169 xm.
1942 4120 1991 4168 7.

562 4199 587 4228 ·
619 4191 774 4244 Diod.
797 4191 832 4245 ι.
855 4193 894 4244 ι.
1702 4201 1722 4234 ι
1753 4193 1895 4246 mut.
1916 4192 2069 4245 Aiax.
2089 4192 2184 4244 1.1.
2216 4191 2303 4244 m.
2324 4191 2392 4244 «ι.
2412 4191 2553 4243 vm.
2574 4175 2695 4242 m-
