2858 4782
653 399 911 451 surm„
959 401 1038 448 nr
1091 401 1158 462 Q.
1201 399 1549 451 cunnum
1604 403 1752 450 mu.
1800 405 1847 450 r.
2260 389 2347 454 ⁷7

149 559 372 602 morum
397 557 638 602 suorum
667 544 1012 619 magistrum
1039 541 1266 602 habuit:
1327 544 1386 602 8.
1432 541 1545 602 His
1576 543 1777 623 itaque
1798 544 2127 624 disciplinis
2156 546 2344 608 imbu-

149 649 264 710 tus,
305 656 558 698 summae
596 638 852 698 fortuuoe
899 637 1018 697 vim
1063 647 1244 716 atque
1289 635 1639 716 dig-nitatem
1670 639 1907 719 egregie
1948 649 2177 702 tutatus
2210 653 2343 712 est:

149 733 420 812 superbia
465 744 530 793 et
565 732 825 804 licentia,
863 751 984 811 qua
1028 731 1274 811 quidam
1319 731 1449 793 sola
1475 734 1777 814 principes
1800 745 2011 814 agunt,
2038 739 2345 801 abstinuit.

149 831 206 888 9.
249 829 434 890 Cultu
455 848 716 908 curaque
736 828 1000 906 corporis
1017 826 1180 888 haud
1209 827 1459 890 multum
1490 849 1669 910 supra
1694 833 1905 912 privati
1932 831 2175 894 modum
2198 837 2344 896 emi-

145 923 340 996 nens,¹²
367 924 584 984 virtute
609 925 808 1003 potius
835 942 1016 1003 quam
1047 922 1299 983 vestium
1325 934 1541 986 ornatu
1570 925 1792 986 anteire
1826 946 1992 1000 suos,
2026 929 2343 1008 imperato·

145 1021 290 1078 rium
333 1021 660 1082 censebat:
701 1019 926 1092 hilaris,
969 1019 1288 1090 humanus,
1329 1018 1625 1089 affabilisz
1669 1033 1735 1082 ut
1754 1034 1953 1084 tamen
1980 1037 2344 1090 contemtum

145 1114 518 1178 excluderet:
561 1115 724 1176 vino.
747 1114 1008 1188 deditus,
1061 1114 1172 1175 sed
1217 1115 1368 1176 citra
1411 1117 1831 1178 ebrietatemz⁸
1873 1139 2011 1180 nam
2056 1122 2109 1180 si
2156 1122 2341 1183 otium

145 1221 352 1272 nactus
380 1219 564 1283 esset,
595 1211 968 1270 sermonibus
1008 1211 1198 1290 magis
1237 1230 1416 1289 quam
1466 1213 1905 1291 compotatione
1954 1227 2187 1297 tempus
2238 1237 2339 1278 ex-

143 1305 430 1366 trahebat.
519 1307 616 1368 10.
659 1307 1012 1385 Voluptates
1055 1305 1142 1366 ita
1183 1309 1525 1380 contemsit,
1574 1321 1641 1368 ut
1680 1311 1849 1370 matri
1895 1330 2099 1371 curam
2142 1313 2345 1392 injice·
2446 1341 2453 1346 ·

143 1411 246 1473 ret,
293 1419 374 1462 ne
419 1401 598 1482 plane
646 1401 726 1462 ad
783 1401 1192 1481 generandum
1247 1403 1526 1464 inhabilis
1571 1416 1784 1464 essem
1865 1405 2022 1467 Illud
2076 1409 2341 1487 inprimis

6 1567 12 1576 ‚
141 1496 416 1574 religiose
459 1498 674 1568 tenuit,
717 1517 794 1559 ne
835 1497 1007 1577 cujus
1049 1508 1244 1558 torum
1276 1499 1541 1558 violaret.
1624 1500 1859 1584 Quibus
1902 1501 2041 1561 vitm
2084 1521 2341 1564 morum-

141 1611 252 1670 que
293 1592 587 1655 institutis
633 1593 734 1654 diu
781 1593 1056 1661 inbmsits
1099 1613 1503 1674 mag-numque
1544 1605 1609 1655 et
1656 1597 2093 1658 memorabilem
2140 1619 2342 1678 regem

141 1689 292 1766 egit:
335 1687 534 1750 donee
578 1689 802 1768 impetu
835 1688 1120 1768 quodam,
1159 1702 1224 1750 et
1251 1689 1414 1750 velut
1440 1700 1703 1751 torrente
1732 1691 1985 1752 fortunoe
2014 1695 2339 1756 convulsus

139 1793 200 1842 et
223 1793 510 1856 mutatus,
551 1783 862 1863 pristinam
888 1785 1070 1844 animi
1095 1785 1561 1846 moderationem
1582 1786 1869 1866 paulatim
1896 1799 2159 1850 exueret.
2246 1794 2339 1868 11.

139 1881 332 1944 Animi
353 1881 535 1942 robur
559 1898 697 1940 cum
724 1880 944 1962 insigni
983 1879 1360 1953 dexteritate,
1401 1900 1624 1962 magna
1650 1882 1835 1960 patris
1864 1893 1925 1944 et
1950 1884 2201 1946 aliorum
2230 1889 2339 1946 ad-

134 1976 446 2038 miratione
471 1976 740 2038 ostendit
763 1978 824 2036 in
852 1995 1008 2056 equo
1033 1976 1418 2058 Bucephalat
1467 1996 1605 2038 nam
1653 1978 1715 2038 id
1760 1997 1977 2040 nomen
2006 1981 2211 2042 bubuli
2238 2003 2338 2046 ca-

135 2073 272 2151 pitis
321 2073 520 2154 figura
565 2073 884 2152 insignitus
925 2082 1276 2154 acceperat.⁸
1389 2076 1486 2134 12.
1542 2073 1868 2136 Plurimum
1915 2086 2043 2136 tum
2084 2082 2343 2156 equestri

133 2168 308 2232 lande
335 2169 606 2248 pollebat
631 2167 979 2238 ,Thessaliag
1026 2169 1426 2249 nobiliumque
1456 2189 1739 2249 equorum
1776 2191 1989 2252 greges
2018 2173 2223 2236 multis
2250 2175 2338 2236 lo·

133 2267 214 2326 cis
241 2265 580 2328 alebantur.
665 2265 980 2326 Eminebat
1015 2275 1214 2325 tamen
1241 2265 1394 2324 inter
1419 2285 1627 2326 omnes
1657 2267 1875 2328 viribus
1904 2279 1968 2328 et
1990 2269 2191 2348 specie
2221 2269 2341 2330 Bu·
2392 2313 2399 2320 -

131 2361 438 2444 cephalae,
477 2379 656 2444 quem
685 2359 1032 2423 Philonicus
1061 2381 1135 2422 ex
1160 2360 1475 2421 Pharsalia
1499 2360 1807 2435 oriundus,
1846 2363 2105 2424 maximo
2133 2363 2193 2425 in
2218 2365 2339 2425 illis

129 2460 474 2539 regionibus
503 2459 764 2540 principe
791 2458 1038 2539 dignum
1065 2460 1433 2531 existimans,
1474 2458 1555 2518 ad
1600 2457 1943 2539 Philippum
1984 2459 2337 2533 adduxerat,

131 2554 394 2617 sedec'un
437 2554 681 2617 talentis
722 2555 1057 2618 venalem-¹·
1170 2556 1266 2615 13.
1327 2554 1481 2615 Cum
1534 2564 1733 2616 autem
1784 2555 2156 2617 velocitatem
2196 2559 2338 2637 equi

131 2651 605 2733 obsequiumque
631 2652 926 2732 experturi
967 2652 1028 2711 in
1062 2670 1336 2732 campum
1377 2649 1871 2719 descendissent3
1914 2672 2091 2713 nemo
2120 2655 2339 2715 amico·

131 2748 258 2809 nim
285 2746 733 2825 satellitumque
761 2746 919 2826 regis
949 2756 1202 2807 tractare
1241 2764 1375 2806 eum
1417 2746 1657 2824 potuit:
1696 2746 1844 2824 quin
1888 2747 2234 2826 insurgebat
2273 2749 2337 2808 in

129 2862 360 2915 omnes,
399 2853 466 2904 et
511 2842 916 2904 conscendere
959 2854 1210 2903 conatos
1247 2842 1469 2903 ferocia
1496 2842 1849 2903 exterrebat.
1938 2844 2037 2903 14.
2076 2844 2338 2921 Jamque

129 2957 234 3018 pro
259 2937 578 3012 indomito,
607 2948 672 3023 et
695 2939 772 2999 ob
796 2940 1086 3000 feritatem
1109 2938 1327 3011 inutili,
1359 2938 1835 3017 relinquebatun
1864 2956 2000 2997 cum
2026 2940 2333 3017 suspirans

129 3034 494 3109 Alexander,
541 3041 560 3070 ‘
583 3034 840 3104 Qualem
863 3036 962 3097 isti
991 3056 1209 3116 equum
1235 3034 1517 3114 perdunt,
1564 3052 1669 3112 per
1698 3032 2000 3094 mollitiem
2034 3033 2237 3108 animi,
2274 3048 2337 3097 et

127 3130 430 3191 tractandi
463 3130 814 3211 imperitiam
835 3130 870 3191 ε’
952 3131 1090 3201 Quo
1138 3130 1358 3209 soepius
1406 3130 1659 3210 repetito
1702 3147 1739 3188 a
1780 3138 1947 3209 patre
1992 3128 2335 3209 increpitus,

129 3232 146 3259 ‘
171 3226 344 3304 quod
371 3226 454 3287 ob
477 3226 807 3304 negotium,
847 3224 1010 3304 quod
1049 3224 1368 3287 emendare
1396 3242 1517 3284 non
1550 3234 1777 3304 posset,
1816 3223 2071 3302 majores
2098 3227 2337 3305 peritio-

125 3332 344 3401 resque
359 3320 648 3383 conviciis
665 3322 986 3385 incesseret
1002 3322 1039 3390 ι’
1081 3328 1098 3357 ⁸
1127 3322 1260 3401 Ego
1274 3322 1456 3393 ver0,’
1486 3321 1705 3400 inquit.
1729 3327 1748 3357 ⁴
1766 3319 2117 3392 emendabo,
2146 3334 2334 3403 pater,

127 3417 174 3475 si
192 3416 582 3497 permiseiis.’
655 3418 752 3477 15.
777 3420 975 3498 Atque
1001 3416 1104 3479 illo
1133 3417 1507 3496 subjiciente,
1536 3424 1557 3465 ‘-
1577 3417 1893 3477 frustratus
1924 3427 2123 3478 autem
2150 3437 2331 3495 quarn

123 3530 366 3591 ponam
391 3512 622 3593 pendes
643 3512 688 3573 ’ζ’
767 3520 785 3549 ⁶
812 3514 1006 3594 Equi,'
1032 3515 1242 3594 inquit,
1286 3519 1304 3549 ‘
1325 3513 1579 3595 pretium
1607 3513 1767 3573 luam
1784 3514 1826 3581 ς’
1852 3523 2174 3591 exortoque
2202 3531 2333 3573 om-

127 3608 288 3670 nium
315 3608 466 3681 risu,
489 3608 793 3683 convenit,
820 3615 839 3645 ‘
861 3620 930 3669 ut
949 3611 1136 3671 vietor
1159 3630 1376 3689 equum
1406 3620 1575 3689 patre
1596 3620 1827 3669 emente
1848 3607 2115 3679 haberet,
2136 3608 2330 3671 victus

127 3704 430 3768 amitteret
455 3705 808 3783 pecuniam!
896 3708 989 3768 16.
1033 3706 1186 3767 Tum
1213 3705 1555 3770 Alexander
1590 3702 2031 3785 comprehensis
2059 3704 2197 3783 equi
2224 3704 2330 3767 ba·

183 3930 212 3965 ¹·
229 3930 388 3981 curt.
413 3946 500 3983 m.
516 3938 568 3987 8.
591 3939 674 3985 19.
1339 3934 1541 3986 ¹Schol.
1559 3935 1627 3986 sd
1652 3936 1986 4000 Aristopbsn.
2004 3930 2149 3983 Nub.
2172 3943 2225 3980 v-
2248 3934 2331 3981 28.

185 4006 202 4037 ἰ
233 4007 386 4056 Plut-
407 4007 560 4059 Alex.
601 4024 656 4074 p.
691 4014 808 4061 677.
851 4010 1062 4060 Arrisn.
1087 4022 1192 4059 vn.
1270 4009 1437 4060 Solin.
1456 4014 1605 4060 c.5·!.

127 4080 319 4131 ”Ain-
1335 4090 1372 4119 ⁸
1406 4085 1543 4134 Plin.
1578 4083 1717 4135 nist.
1756 4084 1885 4135 Nst.
1916 4096 2035 4135 vm.
2073 4087 2153 4133 42.
2186 4078 2330 4131 Plnt.

189 4155 528 4281 :antheneus
561 4173 619 4211 x.
652 4164 732 4213 10.
758 4161 896 4213 Plut.
931 4160 1192 4226 Apophth.
1271 4160 1428 4211 Alex.
1454 4164 1640 4225 mom.

127 4244 174 4280 e.
262 4266 278 4281 .
461 4240 481 4251 ‘
