2858 4782
811 389 908 436 nn
955 389 1246 450 Qum'ro
1295 390 1597 442 cun‘rno.
2218 383 2303 444 51

597 627 878 694 Adriani
909 629 1196 695 Turnebi
1223 629 1340 695 lib.
1379 647 1489 693 ιιι.
1522 649 1675 714 cap.
1706 631 1809 694 15.

191 781 338 848 Nec
365 799 475 845 me
507 781 647 846 ista
673 781 850 846 falso
895 782 1229 847 criminari
1273 784 1431 866 quis
1475 789 1717 868 putet:
1765 783 2115 850 ostendam
2144 805 2292 871 ego,

109 890 178 948 ut
203 903 423 968 spero,
453 885 1025 964 elegantissimum
1055 890 1123 950 et
1149 886 1630 950 nitidissimum
1676 887 2083 970 Scriptorem
2128 887 2297 954 Cur-

109 987 262 1049 tium
290 987 572 1068 graviter
599 985 962 1070 deliquisse
1006 988 1300 1051 nominis
1347 989 1817 1053 communione
1856 997 1925 1053 et
1967 989 2295 1056 societate

109 1087 472 1171 deceptum.

373 1287 712 1353 Barnabae
743 1285 1072 1354 Brissonii
1103 1289 1190 1357 de
1222 1289 1396 1373 Reg.
1428 1257 1786 1356 Persarum
1816 1292 1935 1357 lib.
1973 1305 2021 1354 1.

183 1435 290 1503 Ac
337 1457 418 1502 ne
470 1437 623 1520 quis
667 1457 712 1502 a
757 1457 996 1521 pamm
1040 1437 1284 1504 idoneo
1333 1437 1631 1506 Auctore
1674 1441 2291 1525 interpretationem

109 1546 390 1605 sumtum
421 1539 822 1623 suspicetur,
863 1539 1142 1608 Curtius
1183 1542 1296 1607 hic
1343 1563 1434 1606 ex
1476 1543 1671 1626 eujus
1702 1545 1968 1627 scriptis
2012 1545 2211 1610 toties
2257 1565 2301 1610 a

107 1641 212 1707 me'
237 1643 610 1707 auctoritas
653 1642 722 1707 in
751 1642 861 1708 his
903 1644 1094 1712 libris
1143 1645 1234 1710 ad
1269 1645 1642 1710 faciendam
1672 1643 1867 1709 fidem
1899 1647 2169 1729 petitur,
2215 1648 2300 1712 iis

108 1744 517 1828 temporibus
560 1743 758 1823 vixit,
789 1745 1033 1828 quibus
1077 1747 1294 1812 bonas
1345 1754 1522 1812 artes
1574 1755 1645 1814 et
1693 1746 1923 1812 studia
1950 1748 2293 1814 literarum

107 1843 408 1910 floruisse
438 1865 635 1910 nemo
661 1845 944 1910 inficiari
970 1849 1214 1930 possit.

637 2041 822 2106 Petri
853 2040 1076 2106 Bizari
1107 2039 1270 2107 Rer.
1301 2041 1493 2106 Pers,
1524 2041 1645 2105 lib.
1679 2059 1760 2107 11.

185 2175 252 2242 A
282 2175 375 2256 Q.
406 2175 666 2254 Curtio,
697 2177 958 2254 Latino,
1005 2183 1262 2258 arguto,
1311 2179 1599 2260 eleganti
1640 2184 1707 2242 et
1750 2193 2038 2243 nervoso
2069 2176 2297 2260 Scrip-

107 2285 262 2356 tore,
289 2279 528 2345 harum
561 2279 858 2362 cognitio
889 2279 1179 2362 petenda
1209 2286 1342 2346 est.

905 2477 1105 2544 Joan.
1147 2480 1498 2544 Bernartii.

181 2612 450 2679 Gaesari
479 2612 786 2679 comitem
832 2613 921 2679 do
951 2612 1037 2692 Q.
1071 2612 1400 2691 Curtium,
1434 2634 1631 2698 quem
1679 2613 1849 2677 adeo
1892 2614 2060 2677 inter
2088 2610 2301 2677 selec-

103 2721 202 2777 tos
229 2733 584 2779 recensere
613 2734 748 2780 non
774 2714 1033 2793 dubito,
1065 2721 1136 2779 ut
1161 2716 1333 2780 inter
1361 2716 1663 2799 optimos
1698 2714 1920 2779 locum
1958 2712 2061 2776 illi
2089 2711 2297 2777 fiden-

101 2822 198 2879 ter
225 2816 546 2881 tribuam.
1357 2824 1378 2849 ¹
2292 2786 2361 2851 Ο

513 2996 702 3064 Justi
729 2998 951 3084 Lipsii
981 3001 1048 3064 in
1082 2998 1290 3065 Notis
1321 3000 1407 3065 ad
1441 2997 1647 3063 Polit.
1675 2996 1791 3061 lib.
1821 3012 1870 3059 1.

177 3150 582 3231 Sequuntur
630 3146 1010 3231 Scriptores
1055 3146 1194 3211 duo
1244 3146 1431 3210 velut
1481 3144 1735 3227 proprii
1790 3144 2192 3227 principum,
2234 3149 2300 3207 et

99 3252 376 3316 assidue
401 3250 492 3313 iis
515 3250 584 3314 in
607 3266 814 3312 manu
855 3248 1137 3332 sinuque
1181 3245 1492 3322 habendi,
1540 3244 1631 3323 Q.
1680 3244 1979 3322 Curtius,
2018 3244 2139 3329 qui
2182 3263 2291 3309 me

89 3356 318 3437 judice
369 3351 624 3435 probus
667 3355 770 3415 est
813 3350 1286 3433 legitimusque
1319 3346 1667 3412 Histoi-iou
1676 3364 1734 3424 ε,
1786 3347 1849 3410 si
1900 3346 2297 3427 quisquam:

97 3456 218 3521 fuit
243 3456 424 3519 mira
451 3455 524 3517 in
555 3470 858 3517 sermone
897 3452 1046 3536 ejus
1087 3450 1408 3525 facilitas,
1448 3449 1520 3512 in
1560 3447 2055 3513 narrationibus
2080 3445 2299 3528 lepor,

97 3556 420 3621 astrictus
449 3553 632 3618 idem
662 3559 732 3617 et
757 3552 1116 3635 profluens,
1142 3550 1408 3617 subtilis
1440 3554 1511 3613 et
1538 3546 1783 3624 clarus,
1814 3548 1959 3611 sine
1992 3564 2155 3611 cura
2180 3545 2302 3609 illa

98 3663 488 3732 accuratu-⁶3,
517 3673 712 3719 verus
755 3654 825 3718 in
859 3653 1162 3737 judiciis,
1212 3656 1487 3734 argutus
1514 3651 1605 3715 ·in
1644 3648 2018 3726 sententiiS‚
2048 3647 2117 3709 in
2145 3665 2297 3710 ora·-

98 3760 400 3824 tionibus
427 3756 710 3821 mirifice
753 3756 1103 3822 facundus.
1197 3753 1403 3833 Quod
1452 3754 1513 3817 si
1558 3752 1811 3819 varium
1858 3748 2073 3830 magis
2104 3766 2296 3829 argu-

97 3866 400 3926 mentum
446 3858 816 3936 habuisset,
870 3859 1016 3923 sine
1064 3858 1270 3924 dubio
1308 3856 1517 3922 variae
1560 3851 1929 3937 prudentiae
1976 3850 2297 3913 eximium

97 3962 312 4044 mag-is
367 3960 711 4043 specimen
767 3960 1191 4043 praebuisset.
1297 3958 1437 4024 Sed
1488 3953 1883 4021 Alexander
1940 3951 2105 4035 quid
2161 3950 2298 4015 nisi

95 4062 318 4127 belm
409 4060 602 4145 [Hoc
646 4060 732 4125 de
775 4060 970 4125 bellis
995 4068 1274 4128 'tantum
1316 4058 1645 4143 judicium
1674 4056 1895 4139 Lipsii
1940 4074 2099 4119 vere
2130 4054 2296 4136 Ety-

101 4162 245 4229 cius
275 4163 630 4229 Puteanus
659 4161 1028 4241 refutavit]
