2858 4782
632 435 902 486 surm..
951 415 1030 485 ἐκ
1081 439 1150 498 Q.
1197 437 1549 487 cunnum
1604 440 1751 488 mn.
1801 442 1879 491 u.
2224 429 2355 493 149

133 585 224 635 tur
253 576 568 658 occupatis
595 575 780 654 <inter
828 597 964 659 quae
1005 591 1068 640 et
1109 579 1474 660 Lampsacus
1518 581 1739 657 fuerat)
1764 582 1991 644 insulas
2028 602 2353 664 aggressus

133 683 244 743 est,
271 673 494 753 quibus
537 673 936 745 Macedones,
965 695 1306 756 quanquam
1334 677 1627 756 utrimque
1654 678 1983 739 continenti
2010 680 2359 758 potirentur,

133 770 208 828 ob
247 769 516 848 inopiam
545 772 784 832 navium
817 771 1104 833 auxilium
1136 773 1286 834 ferre
1325 793 1447 834 non
1484 785 1780 854 poterant.
1870 777 1969 835 19.
2008 775 2045 834 J
2052 778 2175 837 uvit
2212 797 2357 840 con·

133 863 326 924 silium
359 864 537 926 ducis
567 866 896 927 animorum
923 867 1071 928 mira
1099 868 1318 954 ubique
1347 868 1645 930 dissensio
1668 889 1685 938 ς
1728 889 1887 944 cum,
1916 870 2045 931 aliis
2072 871 2152 932 ad
2176 873 2361 935 Alex·

135 961 392 1021 andrum
441 961 738 1024 libertatis
794 970 1098 1052 auctorem
1147 983 1244 1024 res
1299 963 1697 1036 trahentibus,
1744 983 1865 1025 non
1920 964 2201 1028 deessent
2254 970 2359 1048 qui

135 1055 398 1118 Persicis
437 1059 653 1138 opibus
699 1059 864 1119 aucti
895 1059 1190 1141 propriam
1237 1061 1349 1120 snb
1388 1061 1689 1121 veteribus
1728 1060 1981 1122 dominis
2010 1062 2359 1142 potentiam,

135 1173 310 1232 quam
364 1153 624 1215 liberata
677 1154 983 1234 republica
1027 1153 1280 1215 eandem
1322 1155 1585 1216 omnium
1633 1157 2035 1236 oequalitatem
2090 1158 2357 1220 mallent.

136 1252 229 1309 20.
271 1249 476 1330 Igitur
503 1250 922 1330 Athenagoras
965 1260 1027 1311 et
1067 1250 1461 1331 Apollonides
1488 1271 1563 1313 ex
1610 1251 1891 1314 Chiorum
1930 1253 2360 1332 optimatibus,-

138 1365 192 1406 re
218 1365 360 1406 cnm
384 1344 636 1406 Phisino
665 1346 1092 1428 Megareoque,
1121 1357 1184 1407 et
1208 1347 1340 1408 aliis
1368 1367 1497 1408 suae
1526 1347 1801 1410 factionis
1828 1349 2164 1412 hominibus
2194 1369 2364 1412 com·

137 1440 464 1514 municata,
511 1441 898 1502 Memnonem
942 1453 1272 1504 arcessunt.
1357 1443 1455 1504 Ita
1499 1443 1687 1504 Chius
1736 1444 2067 1525 proditione
2107 1446 2357 1526 capitur,

137 1549 192 1597 et
227 1536 524 1616 praesidio
551 1537 634 1598 ibi
659 1537 978 1611 collocato,
1003 1538 1361 1599 urbanarum
1408 1558 1603 1600 rerum
1652 1540 2085 1600 administratio
2110 1541 2357 1621 Apollo-

136 1631 250 1692 nidi
279 1633 596 1712 sociisque
624 1632 896 1695 traditur.
981 1636 1080 1695 21.
1128 1633 1276 1694 Inde
1317 1634 1575 1694 Lesbum
1616 1645 1826 1714 petens
1854 1635 2183 1716 Antissam,
2210 1635 2360 1716 Pyr-

137 1729 296 1788 rham
337 1741 406 1788 et
433 1729 720 1790 Eressum
767 1730 932 1790 nullo
978 1731 1224 1810 negotio
1275 1730 1440 1810 capit
1461 1751 1478 1800 3
1500 1731 1527 1760 ⁶
1567 1729 1935 1811 Methymnoe
1957 1729 2361 1792 Aristonicum

138 1837 458 1901 tyrannum
505 1825 808 1906 imponit,¹’
834 1835 1140 1905 totamque
1187 1825 1468 1901 insulam,
1494 1838 1748 1908 excepta
1790 1825 2081 1906 Mitylene
2115 1827 2361 1889 nobilis·

139 1920 280 1980 sima
307 1921 486 1992 urbe,
517 1921 578 1979 in
611 1931 971 2000 potestatem
1002 1920 1240 2000 redigit.
1325 1923 1428 1982 22.
1474 1921 1566 1982 Ea
1605 1923 1808 1983 multis
1854 1921 2067 1984 diebus
2096 1923 2359 1984 obsidio·

135 2035 266 2076 nem
316 2027 678 2077 constanter
721 2014 1000 2096 pertulit=
1043 2033 1158 2076 nec
1207 2017 1284 2076 ab
1317 2015 1451 2096 ipso
1500 2017 1821 2078 Memnone
1848 2028 2027 2098 capta
2054 2031 2165 2080 est.
2250 2019 2359 2082 Ille

131 2113 303 2187 enim,
338 2131 484 2172 cum
503 2111 630 2190 jam
658 2110 894 2190 magnis
922 2111 1200 2191 operibus
1227 2112 1435 2172 urbem
1461 2112 1990 2187 circumvallasset,
2016 2125 2080 2176 et
2106 2115 2353 2177 occluso

131 2218 328 2288 portu,
357 2206 726 2285 naviumque
773 2205 1128 2268 stationibus
1175 2226 1281 2286 per
1335 2217 1673 2287 opportuna
1720 2209 1857 2268 loca
1900 2208 2231 2288 dispositis,
2279 2231 2356 2270 ne

133 2323 248 2382 qua
301 2299 583 2364 subsidio
627 2300 1004 2362 venientibus
1060 2299 1262 2362 aditus
1315 2311 1567 2380 pateret,
1620 2301 2013 2383 providissem
2055 2304 2361 2384 pestilenti

131 2402 342 2461 morbo
399 2405 737 2479 correptus,
791 2397 1138 2477 praeclaram
1195 2396 1515 2457 Persarum
1569 2416 1757 2485 spem,
1801 2398 2167 2481 irreparabili
2220 2420 2357 2463 cum

131 2498 398 2577 ipsorum
433 2494 678 2567 damno,
707 2492 1020 2555 deseruim
1100 2494 1202 2555 23.
1248 2492 1394 2567 Sed,
1434 2512 1571 2555 cum
1610 2512 1678 2555 se
1714 2492 1845 2574 jam
1886 2494 2063 2559 morti
2097 2496 2353 2559 vicinum

131 2592 522 2673 intelligeret,
550 2590 936 2651 Pharnabazo
966 2590 1186 2652 sororis
1231 2609 1361 2651 sum
1403 2589 1547 2664 filio,
1575 2609 1753 2671 quem
1778 2592 2075 2653 Artabazo
2110 2612 2355 2675 pepere-

129 2702 238 2761 rat,
265 2686 588 2769 imperium
619 2706 794 2748 snum
823 2684 1091 2761 tradidit,
1111 2686 1306 2749 donec
1334 2686 1578 2759 Darius,
1598 2706 1661 2748 re
1688 2698 2015 2767 comperta,
2035 2688 2205 2749 aliter
2232 2700 2357 2751 sta-

129 2792 372 2847 tueret}
453 2786 556 2843 24.
599 2782 714 2843 Hic
741 2801 878 2845 cum
923 2783 1378 2865 Autophradatc
1415 2782 1629 2844 classis
1674 2784 1959 2863 praefecto
1989 2783 2191 2843 munia
2216 2802 2355 2864 par-

129 2882 294 2953 titus,
337 2898 416 2941 eo
461 2876 704 2939 tandem
767 2880 1052 2939 obsessos
1103 2880 1326 2959 adegit,
1373 2889 1465 2951 ut,
1516 2896 1728 2939 securo
1777 2877 2040 2959 proesidii
2086 2873 2357 2940 discessu

129 2988 328 3056 pacto,
375 2974 714 3048 columnas,
757 2973 890 3055 quis
937 2974 1178 3037 foederis
1233 2994 1370 3035 cum
1423 2972 1773 3035 Alexandro
1820 2972 1987 3053 leges
2041 2973 2358 3055 insculpto

131 3083 322 3147 erant,
369 3054 812 3145 subverterent,
855 3070 1160 3152 Darioque
1209 3071 1389 3133 fidem
1432 3069 1709 3149 polliciti,
1758 3068 2065 3131 dimidiam
2110 3068 2357 3133 exulum

133 3186 374 3233 suorum
397 3177 632 3247 pestem
658 3167 1036 3247 reciperent-⁸
1117 3171 1220 3231 25.
1265 3170 1348 3229 At
1375 3166 1583 3228 Perse
1605 3184 1726 3226 non
1756 3164 1989 3246 integra
2014 3164 2133 3227 fide
2159 3168 2355 3248 pactis

135 3277 388 3334 steten-cz
435 3262 571 3333 sed,
596 3262 948 3325 introductis
975 3264 1036 3325 in
1065 3264 1270 3325 urbem
1297 3261 1603 3337 militibus,
1633 3261 2026 3341 Lycomedem
2054 3260 2357 3321 Rhodium

133 3378 394 3441 preesse
421 3358 776 3438 jusserunt:
815 3358 1096 3439 Diogeni,
1124 3360 1228 3438 qui
1253 3358 1334 3419 ob
1381 3356 1583 3420 studia
1626 3359 1687 3417 in
1729 3356 1945 3419 Persas
1994 3356 2356 3421 exulaverat»

131 3459 334 3539 patrioe
362 3454 638 3537 tyrannis
680 3454 903 3515 tradita
945 3465 1057 3517 est,
1140 3454 1406 3517 Pecunia
1447 3455 1729 3534 deinceps
1778 3452 2051 3534 privatim
2094 3453 2169 3512 ab
2200 3470 2350 3531 opu—

135 3554 466 3617 lentissimo
491 3570 732 3633 quoque
761 3554 883 3632 'per
928 3552 1044 3613 vim
1093 3553 1298 3613 ablata
1324 3573 1344 3613 ι
1383 3571 1579 3631 neque
1628 3570 1703 3611 eo
1752 3547 1949 3611 minus
1998 3548 2349 3627 imperatum

137 3652 438 3722 tributum,
463 3644 634 3726 quod
659 3664 974 3708 commune
1002 3647 1483 3728 Mitylenoeorum
1508 3645 1843 3728 penderem

196 3868 222 3895 ¹
255 3860 467 3912 Arrian-
500 3872 566 3911 ιι.
602 3860 654 3910 1.
676 3862 731 3909 et
763 3870 852 3909 ιιι.
873 3861 922 3911 2.
960 3856 1107 3910 Curt.
1129 3871 1207 3910 iv.
1351 3862 1377 3898 «ι
1408 3852 1573 3904 Diod.
1593 3852 1687 3906 1.1.
1704 3858 1763 3903 et
1784 3850 1995 3903 Arrlsn.
2017 3850 2051 3901 Ι.
2076 3848 2112 3900 1.

147 3940 190 3986 5.
211 3942 293 3987 15.
1351 3938 1372 3964 ¹'
1403 3929 1616 3979 Arrian-
1638 3927 1677 3978 Ι.
1702 3928 1739 3980 l.

199 4019 224 4046 0
257 4010 414 4066 Diod.
436 4011 474 4064 1.
493 4010 534 4061 l.
1352 4012 1371 4038 ⁸
1402 4004 1489 4054 Id.
1512 4004 1551 4054 1.
1579 4003 1613 4053 Ι.

199 4098 228 4133 Ρ
261 4090 412 4142 Curt.
434 4102 512 4142 ιν.
534 4090 586 4140 8.
606 4090 690 4139 19.
1353 4082 1372 4115 2
1404 4079 1491 4131 Id.
1510 4080 1547 4129 l.
1570 4078 1609 4130 l.
