2858 4782
703 334 784 383 m
834 329 1190 396 ommuni
1239 327 1589 384 cun'rmu
1640 337 1927 385 nusum.
2328 315 2415 385 43

207 476 350 540 tale
391 471 824 540 infortunium
855 475 1204 553 accidisse,
1253 478 1845 559 persuasissimum
1891 475 2051 540 mihi
2094 481 2219 553 est,
2264 494 2415 540 cum

205 576 399 653 vitia,
442 591 598 659 quae
642 578 713 640 in
759 575 994 641 Curtio
1038 576 1455 658 reprehendit
1499 577 1821 656 ClericuS,
1867 577 2047 660 apud
2093 577 2412 660 optimum

207 695 543 759 quemque
593 677 986 759 scriptorem
1035 677 1342 759 reperire,
1389 676 1555 740 nihil
1608 679 1695 742 sit
1742 679 2016 760 negotii.
2106 675 2413 742 Ceterum

207 777 600 842 defensione
645 776 860 844 Curtii
916 782 1144 842 contra
1191 777 1472 842 istorum
1526 779 2024 863 objurgationes
2078 778 2206 843 hoc
2256 779 2413 842 loco

205 878 412 942 facile
443 877 878 961 supersedere
909 897 1210 961 possum,
1232 899 1406 958 cum,
1428 889 1755 964 quantum
1781 880 2075 945 habeant
2103 880 2419 962 iniqnita-

206 979 324 1056 tis,
371 979 543 1044 satis
583 980 672 1042 sit
711 978 1234 1044 demonstratum
1273 998 1318 1043 a
1353 980 1507 1044 Jac.
1554 981 1907 1046 Perizonio
1945 983 2012 1044 in
2064 978 2151 1057 Q.
2184 979 2415 1043 Curtio

207 1079 400 1144 Rufo
430 1078 818 1155 Vindicate,
847 1097 1106 1143 necnon
1161 1099 1204 1142 a
1241 1079 1287 1143 J
1291 1100 1355 1143 o.
1385 1080 1432 1144 J
1438 1099 1537 1146 ac.
1566 1081 1867 1145 Sertorio
1900 1081 1968 1142 in
2004 1079 2417 1143 Prolusioni-

205 1180 338 1243 bus
370 1178 659 1256 duabus,
693 1179 937 1262 quibus
971 1179 1058 1258 Q.
1089 1177 1364 1245 Curtius
1397 1180 1621 1244 Rufus
1654 1201 1701 1245 a
1740 1181 2158 1264 quorundam
2194 1199 2417 1264 repre-

205 1280 546 1344 honsione
573 1298 708 1343 non
734 1279 902 1343 nihil
932 1279 1320 1358 defenditur,
1369 1288 1439 1346 et
1480 1301 1633 1364 quae
1676 1284 1745 1346 in
1778 1284 1995 1347 lucem
2031 1282 2419 1366 prodierunt

205 1381 528 1462 Erlangae
580 1379 776 1444 1774.
863 1378 1145 1444 Minime
1194 1399 1353 1446 vero
1399 1380 1694 1446 alienum
1738 1383 1827 1447 ab
1872 1382 2201 1448 institutis
2244 1383 2417 1446 meis

205 1487 403 1564 puto,
435 1479 730 1544 conferre
758 1480 1058 1546 Curtium
1091 1480 1405 1558 Arriano,
1448 1489 1521 1545 et
1556 1502 1875 1564 quaerere,
1921 1487 2169 1567 quibus
2206 1485 2415 1549 ratio-

205 1584 410 1648 nibus
440 1582 554 1646 hic
583 1582 684 1646 illi
715 1581 804 1645 sit
833 1581 1342 1664 praeferendus?
1419 1581 1489 1646 N
1491 1583 1813 1664 egandum
1836 1585 2103 1667 quidem
2124 1603 2261 1648 non
2288 1587 2421 1663 est,'

207 1683 600 1761 Attianum,
634 1682 750 1767 qui
795 1684 944 1767 ipse
989 1684 1288 1766 egregius
1333 1684 1617 1748 militum
1652 1684 1816 1762 dux,
1848 1691 1916 1748 et
1946 1683 2413 1768 Cappadociae

207 1785 578 1867 praefectus
608 1793 837 1848 contra
866 1781 1132 1850 Alanos
1173 1793 1244 1849 et
1281 1783 1714 1867 Massagetas
1757 1786 2003 1850 bellum
2044 1787 2262 1864 duxit,
2302 1806 2415 1850 ea·

206 1886 360 1949 dem
419 1887 504 1950 de
551 1907 762 1952 eausa
807 1887 1304 1952 instructiorem
1349 1887 1573 1952 modis
1626 1889 1852 1951 multis
1901 1889 2275 1952 accessisse
2322 1887 2415 1952 ad

205 1987 726 2052 describendam
757 1987 1260 2070 expeditionem
1303 1987 1851 2065 Alexandrinam,
1884 2008 2086 2073 quam
2122 1987 2415 2066 Curtius,

205 2089 308 2152 rei
338 2083 756 2168 bellicam-uti
788 2089 1076 2166 videtur,
1108 2088 1316 2171 plane
1364 2088 1572 2154 rudiS.
1662 2087 1911 2154 Verum
1942 2087 2115 2152 enim
2148 2108 2321 2164 vero,
2356 2092 2417 2158 si

205 2190 324 2272 qni
352 2188 591 2254 Curtio
621 2211 884 2254 omnem
923 2189 1122 2254 fidem
1153 2192 1467 2273 derogant
1494 2197 1561 2255 et
1586 2191 1933 2256 veritatem
1965 2191 2161 2254 unice
2192 2192 2257 2254 in
2289 2191 2415 2254 Ar·-

206 2291 402 2356 riano
431 2292 716 2356 inveniri
746 2297 1009 2373 putant,
1063 2291 1318 2374 quippe
1359 2292 1477 2374 qui
1518 2291 1873 2356 Ptolemaei
1918 2299 2120 2374 atque
2158 2275 2419 2356 Aristo-

208 2394 354 2457 buli
383 2394 780 2459 auctoritate
821 2394 1182 2458 narraverit
1211 2395 1456 2471 omnia,
1497 2391 1881 2459 inconsulte
1909 2412 1991 2457 ac
2021 2403 2263 2457 temere
2301 2393 2417 2475 ju·-

208 2495 458 2571 dicant,
516 2501 587 2559 et
639 2512 880 2561 vereor
933 2495 1170 2561 merito
1229 2503 1304 2562 ut
1359 2496 1529 2560 satis
1584 2502 1937 2580 utrumque
1985 2495 2417 2579 inspexerint.

209 2596 396 2661 Nam
437 2596 604 2661 licet
645 2598 878 2663 horum
916 2598 1324 2677 testimonia,
1367 2594 1525 2682 quae
1568 2598 1979 2681 ponderibus
2025 2599 2165 2661 suis
2212 2617 2419 2682 supra

199 2697 488 2780 jamjam
519 2696 1074 2776 examinavimuS,
1111 2698 1366 2781 ubique
1396 2718 1537 2781 prae
1570 2717 1647 2763 se
1677 2699 1851 2764 ferat
1875 2694 2232 2773 ArrianuS,
2263 2700 2418 2781 ipse

207 2808 435 2863 tamen
491 2801 557 2862 in
608 2799 1014 2866 Praefatione
1059 2801 1318 2878 fatetur,
1369 2819 1445 2863 se
1492 2819 1707 2883 neque
1752 2800 1931 2862 alios
1981 2800 2419 2863 contemsisse

207 2918 340 2964 nec
370 2900 624 2964 famam
655 2920 892 2965 vanam
920 2902 1284 2985 respuisse.
1361 2898 1542 2963 Ἔστι
1572 2902 1627 2963 δὲ
1652 2896 1699 2962 οἳ
1726 2896 1827 2960 καὶ
1854 2896 2001 2986 πρὸς
2035 2895 2236 2961 ἄλλων
2274 2900 2419 2983 ξυγ-

209 3000 624 3085 γεγραμμένα,
671 2998 752 3063 ὅτι
796 3002 898 3064 καὶ
931 3004 1087 3066 αὐτὰ
1131 3000 1513 3085 ἀξιαφήγητά
1540 2998 1607 3063 τί
1648 3023 1745 3083 μοι
1776 2998 1987 3079 ἔδοξαν,
2022 3001 2119 3063 καὶ
2152 3001 2213 3063 οὖ
2241 2997 2419 3076 πάντη

211 3102 468 3180 ἄπιστα,
495 3103 574 3175 ὥς
595 3090 880 3187 λογόμενιῖι
915 3102 1076 3184 μόνον
1107 3104 1248 3191 ὑπὲρ
1275 3101 1674 3187 Ἀλεξάνδρου,
1706 3098 2061 3187 ἀνέγραψα*
2150 3102 2419 3181 Quibus

209 3212 436 3267 autem
483 3203 726 3267 ductus
769 3204 862 3268 sit
902 3204 1268 3268 rationibus
1312 3204 1380 3268 in
1428 3203 1755 3286 eligendis
1814 3200 2145 3286 ejusmodi
2192 3204 2419 3281 rehum,

209 3304 366 3385 ipse
413 3322 546 3367 non
587 3304 903 3381 occultat,
933 3323 1147 3387 neque
1189 3305 1316 3369 hoc
1357 3305 1515 3387 ipso
1562 3305 1742 3382 loco,
1796 3322 2021 3387 neque
2069 3304 2149 3367 11'.
2181 3305 2285 3369 12.
2308 3306 2417 3370 12.

208 3404 330 3469 nbi
375 3402 758 3469 Alexandri
799 3422 954 3486 erga
995 3411 1274 3469 matrem
1317 3406 1510 3471 Darii
1548 3405 1932 3468 comitatem
1974 3403 2323 3481 describit,
2350 3412 2421 3470 et

210 3504 574 3589 postmodo
593 3504 813 3571 addit:
838 3504 956 3569 Καὶ
973 3510 1164 3568 ταῦτα
1181 3508 1294 3590 ἐγὼ
1313 3504 1425 3569 οὔθ’
1448 3507 1523 3579 ὥς
1544 3506 1743 3583 ἀληθῆ,
1756 3504 1883 3568 οὔτε
1904 3504 1973 3578 ὥς
1993 3501 2173 3577 πάντη
2194 3505 2422 3569 ἄπιστα

211 3602 546 3690 ἀνέγραψα.
633 3605 799 3667 Ἀλλ’
833 3602 942 3669 εἴτε
987 3602 1160 3680 οὕτως
1193 3606 1477 3691 ἐπράχθη,
1518 3606 1722 3669 ἐπαινῶ
1762 3604 2127 3693 Ἀλέξανδρον
2148 3611 2248 3681 τῆς
2274 3632 2338 3669 τε
2369 3610 2423 3681 ἐς

220 3713 330 3782 τὰς
355 3708 636 3792 γυνριῑκας
657 3705 1083 3786 κατοικτίσεως,
1113 3709 1211 3771 καὶ
1239 3712 1338 3787 τῆς
1367 3710 1445 3783 εἶς’
1468 3709 1563 3773 τὸν
1592 3714 1809 3795 δταῒρον
1833 3707 2077 3782 ἐἷο-τέως
2106 3709 2205 3771 καὶ
2234 3715 2419 3791 τιμῆς·

217 3806 332 3873 εἴτε
355 3807 576 3882 πιθανὸς
589 3810 740 3873 δοκεῖ
749 3814 866 3885 τοῖς
881 3807 1296 3895 ξυγγράψασιν
1311 3811 1694 3898 Ἀλέξανδρος,
1710 3814 1784 3885 ὥς
1804 3811 2103 3873 καὶταῦτα
2121 3806 2195 3873 ἂν
2204 3810 2425 3895 πράξας

219 3909 320 3975 καὶ
355 3906 538 3986 atsaiw,
565 3913 666 3975 καὶ
697 3912 788 3974 ἐπ)
816 3914 958 3996 τῷδε
984 3914 1186 3976 ἐπαινῶ
1211 3911 1597 4000 Ἀλέξανδρον.
1642 3914 1757 3977 Sic
1784 3920 1853 3977 et
1878 3912 2207 3978 Arrianus
2224 3915 2423 3977 nimis

213 4010 420 4079 valde
443 4009 628 4079 favet
654 4010 1072 4093 Alexandro,
1119 4020 1188 4080 et
1229 4016 1433 4079 nimis
1480 4033 1670 4097 saepe
1708 4015 1895 4079 illius
1944 4014 2175 4097 gloriae
2218 4014 2425 4081 servit

1023 4242 1050 4276 Ι
1082 4232 1292 4284 Arriae.
1321 4230 1545 4283 Praefat.
1576 4234 1627 4285 4.
