2858 4782
674 387 944 439 surm..
991 387 1070 437 ιιι
1120 389 1188 450 o.
1237 385 1591 438 cunnum
1643 389 1790 438 mn.
1838 388 1891 438 1.
2175 427 2185 435 .
2298 377 2383 442 67

36 607 38 610 y
163 531 397 612 Jupiter
409 529 710 605 induerit,
758 548 954 610 eoque
995 502 1263 609 genitum
1305 529 1493 590 fuisse
1549 530 1997 604 Alexandrum:
2046 531 2215 592 multi
2256 551 2388 594 cre-

169 628 446 690 diderunt
463 647 484 688 2
550 626 910 688 ‘insomniis
957 626 1159 700 etiam,
1209 635 1533 706 vatumque
1577 627 1879 706 responsis
1922 625 2105 688 fidem
2152 629 2390 708 generis

169 724 420 786 factam:
465 733 529 784 et
577 743 718 784 cnm
771 721 1082 803 Philippus
1118 722 1387 802 Delphos
1417 724 1787 784 sciscitatum
1816 722 2101 796 misisset,
2146 724 2387 786 oraculo

169 821 482 892 monitum,
507 831 583 881 ut
608 821 1014 880 Hammonem
1053 819 1319 900 inprimis
1349 814 1789 882 revereretur.’¹
1874 821 1969 880 15.
2011 819 2141 882 Nee
2172 819 2393 882 desunt

173 917 274 997 qui
314 922 336 951 ‘
357 916 696 978 fabulosum
745 915 810 975 id
855 915 1118 995 quidem,
1167 933 1288 975 non
1335 925 1531 977 tamen
1578 915 1938 976 adulterium
1984 915 2190 978 matris
2233 915 2389 978 falso

165 1013 462 1091 jactatum
482 1018 498 1040 ’
539 1021 840 1075 asserant.
893 1017 910 1046 ‘
936 1011 1170 1091 Quippe
1198 1011 1439 1090 pulsum
1468 1011 1711 1090 AEgypti
1740 1031 1925 1090 regno
1956 1011 2389 1085 Nectanebnm,

173 1127 318 1179 non,
371 1119 446 1169 ut
487 1108 677 1187 vulgo
724 1107 1132 1178 arbitrantur‚¹¹
1173 1105 1234 1166 in
1286 1107 1598 1187 AEthiopas
1646 1107 2061 1188 concessisse;
2106 1107 2217 1167 sed
2252 1127 2391 1168 cum

177 1205 466 1264 adversus
491 1204 612 1263 vim
633 1203 939 1264 Persicam
967 1202 1028 1262 in
1086 1199 1366 1281 Philippo
1412 1203 1669 1264 maxime
1715 1203 2059 1283 presidium
2108 1215 2395 1282 speraret,

177 1301 238 1360 in
287 1298 714 1362 Macedoniam
765 1308 1026 1368 vectum,
1069 1297 1318 1376 magieis
1363 1299 1683 1379 praestigiis
1728 1299 1987 1360 illusisse
2053 1297 2394 1380 Olympiadi

179 1407 488 1474 torumque
542 1393 800 1474 hospitis
855 1393 1256 1455 temeravisse.
1362 1396 1457 1456 16.
1514 1395 1865 1475 Suspectam
1894 1393 2135 1474 quidem
2170 1393 2391 1456 exinde

181 1489 482 1571 Philippo,
532 1489 949 1570 nequealiam
977 1501 1096 1552 tam
1129 1489 1398 1550 intimam
1429 1490 1683 1564 divortii,
1712 1490 1877 1570 quod
1902 1491 2057 1551 inter
2087 1508 2191 1552 eos
2222 1509 2396 1553 secu-

183 1599 310 1646 tum
339 1597 470 1660 est,
518 1606 788 1661 causam,
831 1606 938 1666 pro
983 1595 1293 1666 comperto
1335 1597 1551 1666 postea
1603 1587 1811 1648 fuisse.
1894 1585 2093 1646 Etiam
2140 1584 2397 1664 quodie

187 1681 495 1764 Philippus
525 1683 904 1764 Cleopatram
931 1683 1176 1744 domum
1210 1680 1563 1756 deduxerat,
1580 1681 1845 1745 Attalum
1868 1698 2111 1760 sponsoe
2133 1698 2396 1741 avuncu-

187 1780 326 1850 lum,
369 1779 718 1840 Alexandro
745 1780 1034 1840 natalium
1061 1780 1324 1842 dedecus
1351 1780 1709 1859 exprobrare
1736 1797 1971 1849 ausum,
1998 1776 2137 1859 ipso,
2158 1794 2397 1855 quoque

186 1893 324 1954 rege
349 1895 426 1936 ex
455 1894 592 1935 sese
613 1874 882 1954 genitum
907 1885 1166 1956 negante
1190 1876 1242 1937 :¹
1281 1875 1541 1954 denique
1570 1872 1649 1934 de
1684 1872 2061 1955 Olympiadis
2104 1871 2399 1934 adulterio

167 1989 312 2030 non
335 1971 398 2030 in
425 1981 636 2032 nostro
663 1972 856 2032 solum
901 1974 1066 2044 orbe,
1117 1971 1224 2032 sed
1275 1970 1437 2052 apud
1482 1970 1751 2030 devictas
1802 1989 2043 2051 quoque
2098 1969 2398 2041 nationes,

36 2089 38 2096 ·
167 2067 548 2144 pertinacem
579 2086 870 2128 rumorem
897 2067 1244 2128 obtinuisse.
1335 2069 1431 2127 17.
1471 2066 1694 2126 Verum
1732 2063 2007 2126 velandae
2054 2065 2398 2144 ignominiae

189 2164 500 2242 repetitum
529 2163 892 2244 exantiquis
920 2163 1138 2226 fabulis
1167 2163 1246 2224 de
1271 2163 1533 2225 dracone
1560 2173 2001 2223 commentum:
2042 2161 2199 2222 idem
2237 2161 2398 2222 enim

169 2257 326 2318 .olim
355 2259 436 2319 de
464 2261 842 2331 Aristomene
867 2260 1228 2333 Messenios,
1257 2259 1334 2320 de
1362 2258 1745 2320 Aristodama
1774 2257 2089 2336 Sicyonios
2108 2258 2401 2336 jactavis-

192 2355 296 2416 se!
377 2359 478 2418 18.
523 2359 684 2419 Sane
711 2357 873 2438 apud
901 2356 1156 2438 majores
1185 2367 1424 2419 nostros
1454 2356 1529 2417 de
1558 2355 1905 2435 Scipione?
1940 2354 2045 2435 qui
2081 2353 2398 2436 Carthagi-

191 2470 322 2511 nem
369 2453 536 2532 prior
573 2453 804 2527 afflixit,
851 2452 1064 2514 eadem
1113 2452 1306 2515 ferme
1331 2452 1495 2513 fama
1520 2452 1674 2512 suit:
1718 2449 2043 2531 similisque
2070 2449 2401 2511 divinitatis

193 2549 530 2629 opinionem
561 2549 818 2611 Romani
845 2550 1024 2611 modo
1049 2538 1336 2632 principis
1361 2560 1529 2611 onus
1558 2546 1812 2617 habuit:
1840 2566 1980 2609 nam
1999 2546 2075 2608 de
2090 2548 2401 2609 conditore

167 2644 365 2707 Urbis
394 2646 656 2709 Romulo
683 2645 831 2727 qnid
857 2646 1074 2707 attinet
1124 2645 1346 2719 dicere,
1387 2666 1525 2707 cnm
1555 2642 1721 2705 nulla
1750 2664 1901 2725 gens
1928 2652 2051 2705 tam
2078 2643 2213 2703 vilis
2237 2662 2406 2722 repe·

189 2742 413 2817 riatur,
447 2763 587 2824 qum
637 2742 732 2803 sui
789 2744 1026 2822 generis
1075 2752 1378 2804 auctorem
1436 2761 1559 2803 non
1614 2740 1799 2801 faeiat
1854 2740 2073 2812 Deum,
2114 2750 2221 2800 aut
2268 2735 2401 2799 Deo

193 2838 496 2899 editnmi·
581 2842 677 2900 19.
733 2839 1012 2900 Ceterum
1063 2836 1395 2899 Nectenebi
1450 2836 1601 2915 fuga
1652 2836 2013 2915 temporibus
2061 2834 2227 2895 hisce
2280 2854 2403 2896 non

36 2922 38 2973 ἕ
167 2934 508 3013 -eong-rnit:
549 2934 830 2997 sexennis
873 2935 1030 2994 enim
1066 2934 1190 3013 jam
1241 2942 1371 2993 erat
1393 2923 1775 3003 Alexander,
1814 2946 1955 2989 cum·
1996 2928 2097 2989 ille
2126 2931 2203 2992 ab
2230 2928 2402 2991 Ocho

193 3031 408 3105 victus,
433 3030 608 3089 avitis
636 3030 854 3108 opibus
879 3028 1202 3091 excideret.
1285 3028 1416 3088 Nec
1444 3025 1583 3087 ideo
1606 3025 1807 3088 minus
1832 3044 2051 3087 vanum
2078 3034 2191 3097 est,
2231 3026 2395 3103 quod

197 3124 272 3185 de
295 3125 454 3187 Jove
490 3126 694 3185 fertur.
778 3127 882 3183 20.
925 3126 1064 3205 Ipsa
1104 3124 1346 3205 quidem
1395 3122 1737 3204 Olympias,
1780 3121 1983 3180 demto
2024 3129 2166 3201 post
2204 3122 2397 3183 mariti

197 3240 402 3282 necem
429 3232 616 3292 metu,
643 3220 1142 3281 asseverationem
1173 3218 1278 3279 filii
1315 3220 1469 3281 Jove
1522 3236 1587 3277 se
1630 3216 1895 3294 genitum
1936 3202 2099 3279 credi
2146 3215 2403 3277 volentis

169 3316 448 3378 irrisisse
491 3315 730 3389 dicitur,
779 3316 1080 3395 missaque
1137 3315 1394 3395 epistola
1448 3312 1754 3394 petivisse,
1794 3316 1911 3372 ‘ne
1958 3330 2047 3385 se,
2094 3312 2237 3372 nihil
2280 3312 2403 3373 tale

195 3412 624 3485 commeritum,
653 3411 804 3473 odiis
830 3412 1086 3472 Junonis
1115 3412 1414 3491 objectare
1436 3407 1748 3490 pergeret!
1764 3410 1797 3445 ⁶
1874 3409 1977 3469 21.
2019 3408 2215 3469 Antea
2242 3410 2399 3471 enim

171 3514 324 3589 ipsa
351 3508 610 3568 maxime
639 3506 904 3566 fabulam
937 3506 1324 3569 confirmasse
1365 3504 1668 3573 crediturz
1710 3503 2299 3586 proficiscentemque
2338 3506 2401 3566 in

199 3606 408 3667 Asiam
461 3600 874 3663 Alexandrum
919 3605 1252 3675 monuisse,
1305 3612 1410 3662 ‘ut
1456 3619 1683 3663 memor
1724 3598 1971 3679 originis
2014 3596 2201 3678 digna
2238 3608 2405 3661 tanto

199 3703 466 3781 genitore
508 3699 893 3778 capesseret.⁹
969 3702 1078 3784 522.
1121 3698 1342 3759 Verum
1381 3706 1581 3756 tamen
1610 3694 1864 3755 ostentis
1893 3692 2089 3755 Deum
2112 3694 2405 3773 variisque

201 3796 510 3877 prasagiis
537 3796 692 3855 inter
719 3804 1076 3875 conceptum
1105 3794 1452 3875 editumque
1480 3800 1714 3871 partum
1754 3786 2157 3869 significatum
2200 3789 2405 3866 fuisse,

265 4010 282 4044 ⁸
311 4010 454 4061 Plut.
472 4012 506 4062 1.
525 4012 562 4061 l.
1342 4014 1427 4063 94.

267 4083 292 4117 ¹
315 4086 531 4137 Diodor.
547 4086 657 4137 Sic.
680 4089 861 4150 pau.
1408 4094 1436 4120 ¹·
1456 4086 1567 4137 nv.
1591 4086 1813 4137 Praefst.

266 4161 282 4195 ¹
311 4162 450 4213 Just.
475 4164 566 4216 1.1.
601 4164 746 4213 Ρῐιιι.
771 4162 924 4215 Alex.
949 4177 1000 4226 p.
1023 4166 1140 4215 669.
1410 4162 1441 4191 ·
1462 4162 1598 4215 Geli.
1618 4164 1779 4217 Noct.
1800 4163 1966 4219 Auie.
1990 4178 2119 4220 xm.
2140 4166 2195 4216 Δ.
2212 4168 2261 4217 ².

269 4244 306 4273 ¹·
323 4238 433 4291 Lis.
446 4253 611 4293 xxvi.
635 4244 718 4291 19.
751 4240 966 4291 sueton.
985 4240 1266 4293 Octavian.
