2858 4782
691 326 954 379 surm..
999 323 1076 377 m
1125 327 1194 390 Q.
1242 321 1595 378 cunnum
1646 329 1791 377 ms.
1840 327 1889 376 ι.
2298 314 2375 378 91

177 465 438 527 andrum
467 467 648 546 petit:
693 467 1112 546 occidet-atque
1153 467 1359 537 filium,
1391 467 1506 526 nisi
1552 467 1989 528 claudicantem
2034 487 2109 528 ex
2144 469 2383 529 vulnere

179 563 414 642 pridem
455 574 702 641 accepto
731 583 1019 642 gressum,
1049 564 1137 622 ira
1170 562 1491 641 vinumque
1538 564 2051 644 prepedivissent.
2134 569 2195 623 5.
2240 565 2383 625 Pro·

177 655 388 735 lapsus
427 657 633 716 amicis
676 658 873 718 subita
918 677 980 716 re
1026 657 1314 718 exterritis
1353 658 1611 736 spatium
1652 657 1837 730 dedit,
1876 671 1943 719 ut
1988 659 2281 738 precibus,
2322 671 2386 721 et

182 752 454 831 utrisque
503 751 732 812 medios
777 753 1228 833 interponendo,
1278 752 1681 812 Alexandrum
1730 754 2043 832 eriperent.
2142 755 2201 813 6.
2254 754 2383 814 Nec

179 847 428 906 minoris
457 866 654 928 operae
695 847 807 907 suit
840 849 1006 908 illum
1036 867 1300 920 exorare,
1329 859 1395 906 ut
1421 849 1622 908 salvus
1652 869 1787 908 esse
1814 849 2025 908 vellett
2074 849 2383 926 multiplici

177 943 390 1022 injuria
420 941 668 1003 affectus
697 943 806 1003 sibi
836 943 1176 1011 videbatur:
1217 955 1280 1003 et
1305 963 1647 1023 quanquam
1679 951 1696 980 ‘
1718 945 1901 1025 patris
1930 946 2203 1024 regisque
2226 947 2241 972 ’
2271 965 2382 1004 no-

179 1040 361 1110 mina,
395 1045 416 1074 ‘
437 1048 782 1118 natnroeque
823 1050 886 1100 et
915 1039 1178 1118 gentium
1207 1038 1483 1099 decreta’
1526 1041 1885 1119 ingerentur,
1920 1059 2039 1099 non
2078 1041 2381 1112 abstinuit,

180 1134 319 1210 quin
359 1134 680 1193 insultans
739 1131 1012 1213 Philippo
1055 1133 1293 1212 juberet
1345 1134 1601 1194 ‘intueri
1662 1135 2029 1194 Macedonas
2078 1135 2379 1214 egregium

182 1227 630 1287 transmittendi
651 1229 711 1286 in
733 1229 938 1288 Asiam
959 1229 1101 1288 belli
1131 1239 1451 1301 auctorem,
1473 1230 1575 1308 qui
1604 1249 1677 1289 ex
1706 1231 1864 1290 lecto
1890 1232 1946 1288 in
1978 1230 2195 1290 lectum
2224 1241 2383 1290 tran-

181 1321 390 1380 siliens
421 1321 842 1404 procidisset&
912 1326 971 1383 7.
1005 1322 1150 1382 Inde
1177 1324 1290 1383 sibi
1315 1326 1605 1402 matrique
1624 1325 1801 1404 juxta
1828 1326 2063 1396 timens,
2093 1326 2151 1384 in
2184 1326 2385 1404 Epiro,

181 1416 273 1475 cui
321 1417 507 1476 frater
545 1417 915 1499 Olympiadis
963 1429 1235 1497 praeerat,
1279 1437 1409 1478 eam
1450 1418 1719 1497 reliquit;
1764 1419 1892 1500 ipse
1932 1421 2009 1479 ad
2052 1419 2383 1501 Illyriorum

177 1531 378 1593 regem
405 1515 708 1594 profectus
735 1526 849 1575 est.
935 1517 992 1575 8.
1035 1515 1258 1574 Postea
1285 1533 1521 1592 quoque
1540 1535 1675 1576 cum
1698 1515 2137 1576 reconciliatore
2165 1517 2382 1576 Dema-

177 1619 305 1669 rato
335 1609 648 1668 Corinthio
674 1609 737 1667 in
765 1608 1182 1668 Macedoniam
1233 1609 1449 1668 reversi
1492 1616 1757 1676 essent?
1794 1611 2121 1689 pervicacis
2156 1612 2380 1690 ingenii

178 1704 390 1764 mulier
415 1703 624 1776 filium,
650 1715 864 1785 suopte
891 1705 1130 1783 ingenio
1159 1705 1439 1783 potentiae
1480 1705 1741 1778 anxium,
1778 1705 2019 1766 incitare
2049 1725 2167 1765 non
2197 1704 2383 1767 desti·

177 1797 292 1868 tit:
324 1805 345 1833 ‘
363 1809 453 1872 ut,
499 1817 652 1877 quos
691 1809 916 1878 posset,
939 1799 1308 1860 humanitate
1337 1811 1443 1860 aut
1474 1801 1733 1879 pecunia
1760 1800 1820 1859 in
1850 1801 2167 1862 amicitiam
2194 1801 2380 1861 illice-

179 1905 298 1962 ret:
343 1907 407 1954 et
435 1893 720 1953 adversus
748 1895 1111 1954 iracundiam
1138 1896 1346 1974 patris,
1374 1897 1553 1955 etiam
1582 1895 1871 1956 affinitate
1908 1896 2238 1977 potentium
2271 1896 2381 1956 ho-

175 1989 403 2048 minum
433 2009 497 2050 se
539 1990 834 2048 muniret!
910 1991 971 2049 9.
1013 1991 1172 2051 Sane
1199 1991 1342 2050 olim
1370 2002 1679 2051 monuerat
1710 1991 2043 2071 Philippus,
2070 1999 2139 2051 ut
2176 1989 2379 2050 affabi-

175 2085 346 2144 litate
403 2084 516 2143 sibi
567 2084 915 2158 conciliaret
965 2085 1271 2148 hominum
1313 2087 1547 2154 studia:
1617 2086 1967 2165 largitiones
2013 2095 2210 2147 autem
2258 2105 2379 2146 non

175 2198 612 2258 usquequaque
671 2182 1058 2258 probaveratt
1122 2182 1300 2242 etiam
1349 2201 1455 2262 per
1500 2181 1703 2242 literas
1774 2181 2063 2260 increpito
2109 2181 2381 2241 instituto

177 2275 358 2352 ejus!
399 2281 420 2308 ‘
439 2274 602 2353 quod
629 2275 1100 2336 benevolentiam
1145 2277 1388 2340 auderet
1437 2292 1675 2354 sperare
1720 2277 1795 2335 ab
1824 2275 2181 2347 hominibus,
2226 2293 2379 2353 quos

177 2369 521 2430 muneribus
549 2371 927 2451 corrupisset.
1011 2371 1162 2433 Falli
1209 2373 1310 2452 qui
1357 2370 1583 2451 regium
1620 2372 1682 2430 id
1726 2379 1993 2451 putaret:
2046 2369 2294 2429 ministri
2320 2380 2385 2431 et

177 2464 503 2526 diribitorio
529 2465 789 2527 officium
816 2466 994 2527 esse.’
1080 2470 1177 2527 10.
1221 2467 1446 2527 Verum
1480 2484 1617 2526 cum
1660 2470 1789 2545 ipse
1826 2471 1845 2501 ⁸
1868 2464 2141 2545 pecunia
2184 2466 2383 2525 omnia

177 2559 604 2639 penetrabilia)
620 2562 898 2640 jactaret,
927 2561 1156 2643 eaque*
1183 2562 1345 2623 haud
1379 2562 1575 2623 minus
1622 2581 1785 2643 soepe
1810 2580 1989 2640 quam
2034 2562 2208 2620 armis
2250 2568 2380 2619 ute-

177 2668 360 2727 retur,
405 2675 528 2715 non
575 2666 699 2717 tam
742 2666 906 2719 recta
943 2658 1328 2739 precipiendi
1373 2656 1574 2718 studio
1612 2656 1702 2717 ita
1728 2657 2037 2736 scripsisse
2074 2655 2239 2715 visus
2266 2664 2384 2725 est,

177 2770 358 2829 quam
405 2760 589 2823 metu,
637 2771 714 2812 ne
755 2755 832 2813 ab
881 2751 1262 2813 adolescente
1291 2752 1414 2812 filio
1470 2749 1592 2811 suis
1646 2748 1871 2811 artibus
1916 2758 2379 2829 oppugnaretur.

181 2848 278 2908 11.
323 2845 496 2907 Idem
539 2846 869 2926 objurgavit
922 2846 1350 2920 Alexandrum,
1401 2846 1565 2927 quod
1606 2843 1903 2904 Pexodori
1944 2843 2165 2916 filiam,¹
2200 2854 2381 2927 quam

178 2944 420 3005 Aridoeo
447 2943 852 3004 destinaverat
877 2956 1067 3024 pater,
1107 2944 1472 3013 ambivisset,
1502 2947 1521 2977 ‘
1544 2940 1919 3019 degenerem,
1946 2948 2008 2999 et
2030 2939 2293 3013 fortuna,
2318 2938 2379 3001 in

177 3040 346 3118 cujus
375 3058 544 3118 spem
571 3036 943 3112 educaretur,
969 3037 1318 3117 indignum'
1345 3034 1729 3117 appellando,
1760 3040 1779 3069 ‘
1801 3034 1904 3114 qui
1932 3032 2147 3094 Carem
2164 3034 2379 3095 barba.

177 3152 328 3204 rum,
355 3132 730 3210 barbaroque
755 3133 882 3212 regi
910 3132 1264 3212 subjectum,
1291 3150 1566 3193 socerum
1592 3130 1869 3210 optaret!
1952 3131 2048 3189 12.
2092 3126 2213 3189 Sed
2250 3127 2380 3207 ipse

176 3238 242 3287 ut
266 3228 600 3307 potentiam
629 3246 797 3287 suam
824 3217 1134 3299 firmarem
1163 3226 1387 3286 nullam
1413 3224 1815 3285 conditionem
1854 3232 2205 3303 aspernatus
2232 3232 2380 3295 erat,

177 3322 320 3400 quin
349 3340 428 3381 ex
453 3319 776 3401 asperrima
801 3321 1069 3382 barbarie
1097 3320 1330 3402 Illyrias
1375 3320 1738 3398 Geticasque
1776 3318 2050 3379 mulieres
2079 3319 2379 3377 matrimo-

179 3416 277 3477 nio
315 3416 601 3495 jungeret
617 3434 638 3475 t
697 3434 1040 3496 quanquam
1091 3436 1167 3477 ex
1221 3415 1352 3476 aliis
1399 3417 1577 3476 etiam
1622 3414 1903 3475 uxoribus
1950 3412 2379 3492 pellicibusque

177 3512 515 3590 complures
541 3510 758 3571 liberos
791 3510 1173 3591 suscepisset.
1264 3512 1360 3569 13.
1405 3508 1587 3579 Quod
1614 3528 1750 3570 cum
1789 3506 2133 3569 Alexandro
2160 3507 2377 3566 moles-

181 3616 306 3664 tum
327 3604 652 3679 accideret,
679 3607 904 3667 urbane
935 3606 1372 3667 adolescentem
1400 3605 1720 3686 corripuit;
1762 3605 2053 3677 hortatus,
2090 3607 2109 3637 ⁸
2132 3598 2201 3661 u't
2226 3602 2378 3661 mul·

241 3824 266 3859 ὓ
297 3822 444 3873 Plnt.
466 3823 504 3873 1.
525 3821 561 3872 l.
577 3820 846 3887 Apoplitb;
869 3838 916 3875 c.
931 3826 1014 3875 88.
1383 3822 1407 3856 ⁸
1442 3822 1587 3872 Plut.
1605 3816 1872 3884 Apophth.
1895 3818 1933 3869 1.
1954 3817 1993 3867 1.
2016 3814 2286 3867 Demosth.
2309 3814 2375 3865 de

241 3904 265 3931 ⁸
297 3898 443 3947 mut.
463 3896 620 3948 Alex.
643 3897 681 3947 l.
704 3899 740 3947 1.
1319 3899 1542 3949 Corona.

241 3970 262 4006 ‘
287 3972 436 4023 mut.
459 3970 730 4035 Apophth.
753 3986 800 4025 ο.
822 3978 905 4024 81.
1379 3972 1395 4006 ¹
1425 3972 1570 4022 Plut.
1592 3968 1748 4021 Alex.
1763 3982 1819 4031 p.
1838 3970 1955 4033 66⁰·

245 4054 270 4091 ⁸
301 4048 494 4099 Ciceto
531 4044 692 4099 offic.
737 4060 805 4100 n.
849 4054 928 4103 15.
962 4054 1014 4101 6.
1059 4050 1237 4104 Valet.
1379 4043 1708 4095 “Athenaeus
1734 4056 1812 4107 pr.
1842 4042 1881 4091 1.
1912 4052 2042 4091 xm.
2066 4038 2375 4103 steph-voc.

187 4122 323 4175 Max.
345 4135 448 4177 vu.
469 4125 521 4174 8·
541 4122 761 4177 Extern-
783 4128 862 4179 10.
1321 4122 1481 4175 reris.
1516 4121 1701 4173 Elian.
1724 4120 1848 4169 Var-
1872 4117 2020 4169 Hist.
2038 4128 2167 4167 xm.
2186 4118 2271 4165 8⁶.

1754 4618 1796 4647 x
