2858 4782
503 296 588 361 12
650 285 661 296 '
1369 299 1813 354 ruooemuu.

501 459 572 517 et
601 449 851 534 optime
880 449 970 513 ad
991 445 1350 512 lectionem
1377 441 1591 509 curtii
1614 441 2045 526 praeparavit,
2068 447 2134 507 et
2158 442 2539 510 molestiam
2578 444 2685 508 la-

501 569 818 618 cunarum
847 550 1172 614 minorum
1195 542 1473 609 amovit.

587 645 1439 739 Exemplarinmeditorum
1468 661 1707 726 magna
1736 639 2089 710 multitudo
2118 648 2241 722 est,
2290 644 2583 711 maxime
2609 645 2686 708 in

502 769 695 817 usum
725 751 1141 825 scholarum,
1170 764 1455 832 quorum
1482 746 1783 810 recensio
1816 744 2017 828 buJus
2044 744 2313 828 quidem
2363 746 2502 811 loci
2546 765 2688 812 non

503 859 628 918 est.
713 851 1024 918 Omnium
1049 849 1250 927 enim,
1293 847 1410 931 qui
1439 846 1625 912 hisee
1648 847 1857 912 literis
1906 845 2194 924 student,
2236 848 2547 913 manibus
2584 853 2693 912 te-

503 953 713 1017 renda
739 959 842 1016 est
868 949 1168 1014 Harlesii
1185 945 1276 1014 V.
1301 949 1447 1016 Cel.
1476 955 1499 986 ‘
1519 947 1795 1014 Brevior
1825 947 1894 1014 N
1896 947 2096 1013 otitia
2125 947 2517 1014 Literaturae
2546 947 2693 1013 Ro—

503 1051 761 1119 manae?
847 1049 989 1130 Qui
1016 1051 1218 1134 plura·
1239 1052 1544 1134 cupiunt,
1578 1049 2013 1114 Freinshemii
2042 1047 2469 1132 Fabriciique
2490 1047 2696 1114 Cata—

506 1154 726 1237 logum
757 1169 800 1216 a
829 1151 1214 1234 Bipontinis
1257 1157 1527 1218 anetum
1550 1150 1968 1236 (quanquam
1998 1155 2071 1214 et
2095 1150 2149 1213 ii
2176 1149 2490 1232 quaedam
2518 1151 2695 1214 omi-

507 1256 764 1332 serunt)
791 1252 1128 1317 evolvant.
1213 1251 1535 1318 Tirenum
1560 1257 1786 1316 tamen
1812 1267 2019 1316 eausa
2040 1247 2253 1316 Curtii
2274 1257 2433 1332 post
2458 1248 2699 1314 literas

506 1358 774 1418 renatas
818 1352 958 1417 fata
999 1351 1435 1419 adumbrabo.
1536 1351 1771 1418 Editio
1819 1350 2135 1434 princeps
2180 1349 2395 1415 Curtii
2440 1349 2699 1433 prodiit

510 1451 812 1518 Venetiis
857 1452 1051 1519 1470.
1103 1452 1246 1518 sive
1289 1452 1485 1518 1471.
1530 1453 1965 1536 plurimarum
2014 1469 2103 1516 ex
2146 1449 2421 1532 reliquis
2466 1450 2698 1532 basis3

510 1558 708 1620 aetate
733 1554 876 1619 sere
911 1571 1040 1638 par
1081 1561 1189 1618 ωε
1235 1552 1547 1619 Romana
1597 1552 1859 1630 Laveri,
1898 1557 1971 1618 et
2012 1552 2325 1636 proxima
2362 1550 2700 1618 Mediola-

508 1656 734 1720 nensis
763 1655 954 1720 1475.
1043 1653 1346 1720 Posteris
1373 1652 1783 1736 temporibus
1812 1654 2036 1737 plnres
2074 1653 2199 1718 viri
2229 1652 2415 1718 docti
2441 1657 2702 1718 textum

511 1755 616 1818 vei
645 1773 686 1818 e
713 1752 1084 1820 Codicibus
1111 1760 1187 1817 et
1211 1754 1597 1837 conjectura
1632 1753 2081 1831 emendarunt,
2120 1753 2228 1818 vel
2276 1751 2703 1818 Notis-inus·

509 1859 787 1932 trarunt,
807 1872 1091 1936 quorum
1119 1853 1516 1918 eelebriores
1546 1861 1700 1919 sunt
1721 1855 1884 1919 Des.
1907 1853 2249 1931 Erasmus,
2272 1852 2513 1930 Aldus,
2527 1851 2703 1919 Adr.

511 1953 780 2032 Junius,
826 1953 1064 2020 Frano.
1105 1953 1406 2033 Modiu8‚
1434 1953 1620 2032 (Val.
1646 1952 2062 2037 Acidaliae.)
2092 1953 2168 2017 M
2171 1954 2330 2019 atth-
2360 1953 2705 2031 Raderus,

513 2053 716 2120 Titus
748 2055 1031 2139 Popma,
1076 2053 1178 2119 Io.
1205 2054 1252 2121 J
1255 2073 1358 2120 os.
1389 2054 1755 2119 Fontanus.
1844 2053 2065 2119 Nemo
2090 2069 2253 2120 vero
2286 2051 2525 2119 Curtio
2559 2072 2709 2120 ma-

503 2155 724 2238 jorem
737 2173 1016 2238 operam
1043 2153 1373 2238 impendit
1391 2173 1593 2238 quam
1612 2154 1660 2221 J
1662 2173 1911 2219 oannes
1938 2154 2458 2232 Freinshemius,
2480 2152 2707 2220 Curtii

514 2255 903 2338 sospitator,
947 2257 1060 2339 qui
1109 2273 1244 2320 non
1269 2255 1487 2320 solum
1512 2264 1770 2320 textum
1798 2255 1995 2322 docte
2020 2255 2377 2332 reeensuit,
2422 2255 2539 2319 sed
2586 2273 2708 2320 co-

515 2356 732 2441 piosis
775 2375 1048 2441 quoque
1096 2355 1607 2423 Commentariis
1646 2356 2027 2424 illustravit.
2139 2353 2505 2441 Exemplar
2546 2356 2707 2440 ejus

515 2456 730 2538 primo
759 2454 1007 2540 prodiit
1032 2455 1455 2535 Argentorati
1484 2457 1675 2523 1648.
1696 2456 1761 2523 8.
1794 2474 1878 2523 ιι.
1901 2457 2061 2523 Vol.
2084 2464 2223 2523 tum
2248 2474 2407 2521 vero
2432 2457 2710 2542 abipso

519 2554 980 2629 Freinshemio
1027 2558 1232 2642 paulo
1281 2564 1436 2625 ante
1487 2560 1747 2624 obitum
1794 2559 2195 2625 adornatum
2243 2558 2443 2641 longe
2492 2556 2711 2642 priori

517 2658 786 2722 auctius
811 2665 878 2724 et
903 2658 1356 2737 emendatius,
1385 2664 1663 2724 curante
1692 2658 1970 2743 Rappio
1994 2659 2158 2724 ibid.
2184 2658 2382 2725 1670.
2403 2660 2474 2725 4.
2533 2658 2715 2725 Post

431 2792 434 2795 <
521 2756 1046 2838 Freinshemium
1075 2760 1269 2825 multi
1311 2758 1619 2825 Curtium
1654 2761 1767 2825 vel
1808 2778 1964 2826 cum
2009 2759 2221 2825 Notis
2265 2778 2354 2825 ex
2396 2760 2515 2825 illo
2564 2759 2711 2825 Ex·

519 2860 792 2943 cerptis,
837 2860 1086 2944 quibus
1133 2878 1296 2926 snas
1335 2860 1815 2943 insperserunt,
1861 2861 1973 2925 vel
2020 2878 2173 2925 oum
2219 2859 2426 2925 Notis
2464 2860 2715 2926 Van'o-

521 2978 664 3023 rnm
694 2959 1074 3039 ediderunt3
1117 2960 1290 3025 inter
1313 2980 1487 3044 quos
1513 2962 1868 3027 laudantur
1888 2959 2241 3037 cellarius,
2270 2961 2467 3044 cujus
2496 2960 2713 3027 editio

521 3060 740 3142 prima
769 3059 1022 3142 prodiit
1065 3059 1262 3125 1688.
1313 3068 1382 3127 et
1429 3061 1753 3139 Pitisous,
1796 3061 1994 3144 cujus
2020 3060 2363 3144 posterior
2407 3062 2600 3127 1693.
2648 3067 2717 3127 et

520 3158 714 3223 1708.
743 3159 1110 3242 praefertur,
1137 3159 1365 3243 pueris
1396 3160 1831 3244 potissimum
1860 3159 2414 3227 commendanda.
2488 3161 2717 3228 [oocu-

521 3259 896 3342 pletissima
918 3260 1212 3335 omnium
1234 3267 1338 3325 est
1363 3260 1639 3327 Henrici
1666 3260 2151 3341 snakenburgii
2174 3279 2327 3325 cum
2350 3259 2553 3327 Notis
2572 3261 2719 3327 Va—‘

523 3361 764 3425 riorum
800 3360 1046 3443 partim
1088 3361 1384 3443 integris,
1427 3362 1670 3445 partim
1718 3361 2006 3438 selenus,
2050 3360 2345 3445 Delphis
2390 3366 2460 3425 et
2501 3360 2726 3445 Lugd.

525 3460 768 3533 Batav.
815 3460 1008 3527 1724.
1048 3462 1113 3525 4.
1156 3462 1229 3525 in
1274 3480 1414 3547 qua
1460 3463 1688 3529 omnia
1734 3461 2234 3545 Supplementa,
2274 3460 2721 3545 plurimorum

524 3559 742 3626 codd.
791 3560 1022 3626 Varioe
1065 3560 1426 3628 Lectiones
1472 3568 1543 3627 et
1588 3564 1883 3627 omnium
1910 3561 2049 3627 fere
2074 3562 2508 3645 interpretum
2536 3563 2721 3647 prio—

523 3681 670 3727 rum
721 3658 926 3727 Notoe
965 3662 1407 3727 continentur.
1495 3660 1705 3729 Basis
1740 3670 1849 3727 est
1894 3660 2459 3729 Freinshemiana.
2547 3661 2723 3729 Post

529 3762 983 3845 Snakenburg.
1011 3763 1240 3847 plures
1269 3761 1491 3828 adhuc
1512 3761 1665 3827 edd.
1694 3763 1766 3828 in
1788 3762 2176 3841 Germania,
2218 3761 2449 3829 Gallia
2472 3768 2543 3829 et
2566 3764 2723 3829 Bri-

525 3864 758 3929 tannia
789 3864 1200 3946 prodierunt,
1221 3881 1505 3948 quarum
1527 3862 1713 3927 nulla
1734 3880 2141 3946 magnopere
2170 3862 2499 3929 laudatur.
2553 3864 2723 3929 Pro-

528 3963 776 4027 babilis
825 3968 928 4028 est
974 3964 1354 4047 Bipontina.
1445 3964 1845 4030 Novissima
1890 3983 2075 4043 vero,
2119 3982 2320 4047 quam
2366 3961 2596 4029 Cunze
2630 3964 2725 4030 V.

531 4061 636 4127 Cl.
686 4062 1091 4129 Helmstadii
1137 4064 1330 4132 1795.
1375 4066 1567 4131 edere
1614 4066 1852 4150 coepit,
1892 4063 2189 4131 nondum
2234 4064 2551 4131 absoluta
2596 4074 2727 4133 est.
