2858 4782
486 352 576 415 '76
1280 362 1338 409 ι.
1385 358 1893 411 snnrnsunmn

401 525 410 533 ·
491 511 688 569 animo
715 508 954 568 fortuna
975 502 1379 583 responderet,
1401 502 1722 561 immensas
1742 500 2087 580 plerumque
2107 495 2343 557 divitias
2367 514 2707 577 conseque·

487 606 749 665 bantur.'
832 606 931 664 31.
977 600 1172 661 Etiam
1187 617 1342 677 quos
1365 595 1573 676 procul
1602 597 1829 673 positos
1858 593 2147 673 proeclara
2168 592 2421 653 eruditio
2436 606 2551 653 ‘aut
2586 595 2705 652 vir-

488 709 586 759 tus
615 697 1092 767 commendabat,
1129 694 1204 752 iis
1245 691 1515 770 ingentia
1554 710 1801 751 munera
1842 689 1999 749 ultro
2048 688 2247 767 largiri
2278 706 2701 750 consueverat.

491 794 676 873 Igitur
719 803 922 853 tantus
967 810 1041 851 ea
1087 796 1443 866 tempestate
1488 784 1799 847 doctorum
1844 796 2025 864 atque
2054 784 2359 844 solertium
2390 784 2706 844 hominum

487 898 806 968 proventus
835 888 966 957 suit,
998 896 1067 945 ut
1095 886 1190 943 vix
1219 882 1342 942 ulla
1385 890 1537 945 otas
1588 883 1761 941 bonis
1806 882 2033 941 artibus
2080 880 2377 959 copiosior
2416 880 2707 941 extiterit.

491 986 592 1046 32.
631 984 846 1043 Solent
871 984 1027 1043 enim
1059 980 1300 1059 ingenia
1345 997 1657 1058 moresque
1700 978 1983 1058 componi
2018 976 2097 1035 ad
2152 976 2479 1055 principum
2528 994 2709 1035 men-

490 1090 646 1147 tem;
691 1079 1004 1159 omnisque
1033 1078 1154 1137 fere
1181 1087 1512 1155 temporum
1538 1075 1847 1136 inclinatio
1888 1073 2268 1153 regnantium
2296 1071 2565 1144 infamia,
2608 1072 2707 1132 vel

489 1174 677 1237 decus
698 1186 811 1236 est.

573 1271 680 1331 lv,
761 1271 817 1329 1.
880 1268 974 1327 Ex
1019 1276 1280 1327 veterum
1334 1266 1734 1327 monumentis
1782 1264 1927 1325 nihil
1984 1262 2335 1325 antehabuit
2388 1262 2713 1335 Homero,-

489 1385 670 1444 quem
689 1384 873 1425 unum
895 1382 1128 1423 omnem
1149 1361 1523 1441 sapientiam,
1556 1381 1679 1441 qua
1701 1361 1941 1441 imperia
1960 1370 2264 1431 constant,
2286 1358 2509 1437 optime
2536 1377 2709 1419 com-

490 1460 730 1539 plexum
755 1480 890 1521 esse
919 1458 1268 1519 autumabat
1290 1479 1308 1518 t
1339 1459 1611 1537 adeoque
1628 1448 1763 1518 eum
1786 1454 1951 1519 cordi
1972 1456 2200 1526 habuit,
2224 1466 2293 1515 ut
2310 1454 2531 1513 Graeco
2552 1474 2708 1532 cog-

491 1566 775 1617 nomento
827 1562 843 1591 ⁸
869 1566 1100 1617 amator
1152 1555 1481 1615 Homeri’⁸
1541 1555 1861 1615 diceretur.
1945 1555 2007 1611 2.
2050 1552 2255 1611 Libros
2294 1550 2424 1629 ejus
2470 1569 2713 1629 semper

491 1670 694 1713 secum
743 1652 892 1712 ferre
943 1651 1176 1723 solitus,
1213 1650 1393 1711 etiam
1429 1670 1567 1713 cnm
1594 1652 1948 1730 quiesceret,
1991 1667 2113 1709 una
2138 1666 2275 1707 cum
2297 1646 2558 1725 pugione
2594 1647 2709 1707 sub

490 1746 762 1807 cervicali
793 1747 1154 1826 reponebatz
1186 1753 1205 1780 ⁸
1227 1746 1457 1807 militiae
1498 1766 1625 1807 suoe
1654 1744 1969 1817 viaticum,’
1996 1756 2056 1804 et
2086 1752 2102 1779 ⁸
2124 1741 2559 1803 institutionem
2590 1743 2713 1801 bel·

491 1840 624 1903 licse
650 1843 884 1901 virtutis
907 1843 924 1867 ⁹
969 1840 1300 1921 appellans.
1379 1850 1400 1877 ⁸
1421 1841 1719 1901 Achillem
1740 1847 1756 1869 '
1796 1840 2165 1922 praedicabat
2204 1845 2223 1872 ⁸
2254 1835 2511 1908 felicem,
2538 1837 2705 1916 quod

491 1947 721 1997 tantum
775 1936 1008 1998 virtutis
1063 1956 1190 1996 sum
1242 1955 1575 2014 praeconern
1595 1936 1612 1959 ’
1666 1936 2037 1997 invenisset-⁶
2120 1936 2180 1994 3.
2246 1932 2511 2011 Reperto
2552 1934 2711 1993 inter

497 2030 936 2091 Damascenam
963 2030 1229 2110 predam
1259 2028 1523 2091 materioe
1550 2050 1825 2110 curaeque
1850 2026 2331 2110 exquisitissimo
2360 2026 2609 2100 scrinio,
2646 2040 2711 2087 et

493 2126 955 2205 disquirentibus
969 2128 1199 2198 amicis,
1223 2132 1242 2162 ⁸
1257 2128 1499 2206 quinam
1516 2127 1653 2187 usui
1670 2127 2231 2187 convenientissime
2246 2121 2651 2185 destinaretur
2664 2118 2710 2181 Υ

491 2222 644 2303 ipse,
685 2232 702 2259 ⁸
729 2224 1032 2294 Homero,'
1071 2222 1284 2302 inquit,
1327 2222 1759 2295 dedicabimus,
1803 2230 1819 2257 ⁸
1846 2231 1913 2282 ut
1939 2222 2429 2302 pretiosissimum
2452 2220 2708 2280 humani

491 2318 715 2398 ingenii
761 2328 1226 2393 monumentum,
1278 2320 1727 2400 elegantissimo
1766 2319 1945 2380 etiam
1992 2338 2169 2398 opere
2214 2316 2563 2379 servetur.’⁴
2644 2320 2704 2375 4.

493 2415 644 2473 Inde
669 2415 946 2487 obtinuit,
978 2426 1042 2475 nt
1075 2413 1562 2476 emendatissima
1585 2418 1783 2494 poiitoe
1814 2416 2016 2488 editio,
2061 2435 2243 2495 quam
2292 2431 2515 2494 magna
2562 2429 2707 2472 cura

493 2523 938 2587 comparaverat
981 2511 1342 2584 Alexander,
1386 2520 1404 2546 ⁸
1429 2531 1465 2572 e
1510 2511 1813 2573 narthecio
1832 2511 1851 2536 ⁹
1898 2521 2239 2572 vocaretur:
2281 2510 2503 2590 quippe
2560 2507 2705 2568 scri-

494 2603 658 2664 nium
683 2603 855 2678 illud,
877 2625 1014 2666 curn
1039 2607 1238 2668 adbuc
1266 2606 1585 2668 Persarum
1612 2617 1795 2680 esset,
1822 2608 2147 2686 unguentis
2190 2617 2251 2668 et
2286 2593 2581 2666 ‘odoribus
2612 2622 2708 2662 as·

495 2698 802 2762 servandis
831 2701 1170 2762 serviverat.
1253 2705 1313 2764 6.
1357 2704 1617 2772 Quidam
1648 2722 1928 2786 prospere
1950 2713 2137 2782 gestoe
2164 2702 2249 2762 rei
2278 2701 2545 2771 nuntius,
2567 2717 2705 2760 cum

491 2796 674 2858 citato
695 2815 870 2858 cursu
899 2797 978 2858 ad
1003 2817 1138 2858 eum
1169 2800 1438 2873 ferretur,
1470 2801 1857 2879 dextramque
1902 2798 2249 2878 porrigeret,
2294 2796 2461 2856 vultu
2514 2795 2705 2856 maxi-

494 2911 610 2952 moe
653 2892 877 2953 lmtitioe
917 2904 1090 2956 notas
1140 2897 1514 2974 proeferente,
1558 2895 1757 2966 ‘Quid
1802 2894 1945 2955 mihi
1992 2896 2371 2954 nuntiaturus
2418 2911 2488 2952 es
2532 2901 2707 2952 tanto

495 2987 714 3066 gaudio
759 2988 1048 3066 dignum,'
1097 2991 1312 3069 inquit,
1353 2994 1503 3052 ‘nisi
1548 2993 1749 3052 forsan
1795 2992 2092 3052 Homerus
2120 2989 2333 3050 revixit
2351 2988 2391 3048 2’
2470 2989 2534 3048 6.
2568 2984 2707 3046 Sed

492 3093 620 3142 tam
661 3103 736 3142 eo
767 3084 896 3161 jam
945 3085 1242 3146 felicitatis
1279 3099 1653 3165 pervenerat,
1682 3101 1750 3150 ut
1776 3086 2203 3167 propemodum
2232 3083 2545 3148 exsatiata
2576 3082 2704 3162 glo·

495 3177 596 3235 riae
625 3176 767 3236 nihil
794 3178 1004 3238 deesse
1042 3192 1298 3259 putaret,
1341 3193 1557 3261 praeter
1606 3179 1885 3244 idoneum
1931 3180 2395 3242 buccinatorem.
2478 3179 2701 3240 Crebra

497 3283 698 3335 autem
724 3273 978 3335 lectione
1005 3285 1194 3336 totum
1223 3278 1346 3337 fere
1371 3278 1637 3351 edidicit,
1664 3291 1732 3342 ut
1758 3297 1933 3339 nerno
1964 3297 2157 3357 neque
2192 3277 2477 3356 promtius
2506 3294 2582 3336 eo
2614 3273 2702 3331 fa·-

495 3367 900 3448 miliariusque
945 3380 1251 3446 uteretur,⁸
1293 3393 1487 3453 neque
1526 3377 1797 3438 exactius
1844 3375 1923 3436 de
1970 3393 2043 3434 eo
2078 3373 2424 3453 judicaret!
2501 3373 2563 3430 ⁰7.
2610 3367 2697 3426 Ex

495 3463 769 3524 omnibus
815 3475 1011 3526 autem
1059 3465 1188 3545 ejus
1231 3470 1591 3530 carminibus
1638 3471 1889 3532 maxime
1933 3470 2229 3552 probabat
2271 3485 2533 3537 versum,
2582 3479 2699 3543 quo

493 3560 638 3622 boni
663 3560 840 3622 simul
864 3563 1254 3642 imperatoris,
1281 3566 1629 3646 robustique
1660 3565 1861 3628 militis
1888 3565 2101 3626 laudes
2130 3562 2567 3642 Agamemnoni
2596 3559 2693 3618 tri·

495 3656 804 3732 buuntur,⁸
869 3677 1122 3738 eumque
1171 3660 1534 3741 prmcipuum
1580 3663 1813 3723 virtutis
1864 3662 2340 3731 incitamentum,
2398 3668 2460 3718 et
2514 3651 2693 3716 veluti

561 3824 584 3848 ’
607 3815 750 3866 Plut.
760 3816 913 3867 Alex.
935 3833 988 3883 p.
1011 3821 1126 3870 ⁷⁰1.
1704 3820 1729 3855 ⁴
1750 3819 1834 3873 Id.
1870 3835 1923 3884 p.
1946 3824 2061 3870 ow.
2096 3819 2237 3868 Plin.
2274 3817 2417 3868 Hist.
2452 3817 2582 3867 Nat.
2600 3825 2696 3862 vir.

559 3897 588 3924 ⁸
606 3893 752 3942 mut.
783 3893 940 3944 Alex.
979 3911 1030 3958 p.
1054 3899 1171 3947 ⁰68.
1238 3895 1426 3946 Cicero
1468 3911 1561 3960 pro
1640 3901 1724 3948 22.
1756 3896 1932 3946 strab.
1957 3895 1992 3945 Ι.
2012 3896 2046 3944 Ι.

499 3965 694 4016 Archia
717 3968 871 4018 Poiit.
895 3981 951 4018 x.
970 3975 1052 4021 24.
1705 3979 1729 4006 ⁸
1749 3971 1963 4022 Luciam.
1984 3968 2303 4019 Dian-Mon.
2320 3977 2429 4016 ιιι.

563 4040 590 4076 ⁸
610 4041 786 4091 Strab-
809 4056 936 4092 xm.
959 4057 1010 4106 p.
1031 4049 1147 4097 ⁶04.
1173 4046 1300 4098 edit.
1335 4045 1559 4098 (Σπειὼ.
1708 4045 1731 4078 ⁸
1756 4047 1898 4097 Plut.
1928 4047 1995 4095 de
2022 4047 2160 4094 For-t.
2183 4045 2339 4094 Alex.
2360 4043 2457 4093 Or.
2477 4057 2521 4092 r.

501 4116 742 4170 Emi-th.
766 4118 832 4168 ad
859 4116 924 4167 ΙΙ.
948 4125 1004 4168 Β.
1704 4131 1731 4168 s
1756 4121 1973 4174 Homeri
1998 4117 2151 4171 Iliad.
2168 4125 2221 4170 r.
2247 4121 2360 4170 1⁸1⁹.
2450 4151 2455 4158 ·

565 4201 588 4228 ⁸
607 4193 755 4246 Plnt.
774 4192 930 4246 Alex.
951 4207 1002 4258 p·
1023 4195 1139 4244 072.
