2858 4782
599 343 682 392 m
734 341 1094 403 ρυιΝτυη
1144 339 1495 424 cuurluu
1540 342 1843 392 ‚nurum
2236 331 2328 397 88

112 497 340 556 cetera
376 483 742 570 descripta,
783 489 986 569 atque
1027 503 1116 550 ex
1151 503 1288 550 uno
1329 483 1704 568 eodemque
1744 503 1989 552 manco
2032 493 2104 551 et
2146 507 2325 554 men-

113 590 286 655 doso
317 607 648 672 expressa
672 608 828 653 esse
857 587 1082 652 omnia
1107 588 1477 652 autumant.
1570 587 1849 652 Dudum
1874 588 2051 654 einim
2078 591 2328 656 amissa

113 690 545 776 Reipublicae
573 690 887 754 libertate
915 689 1126 753 omnis
1154 687 1491 754 literarum
1519 687 1736 754 honos
1762 689 2069 754 imminui
2098 711 2325 774 coepe-

113 798 252 873 rat3
297 792 508 876 pauci
533 790 1024 874 Imperatorum
1049 789 1328 866 fuerant,
1358 791 1478 873 qui
1506 789 1646 874 ipsi
1670 797 2007 855 amassent
2034 797 2149 856 aut
2177 811 2327 858 sus-
2412 781 2425 792 ’

113 895 441 958 citassent
465 898 642 958 artes
671 892 1010 957 liberales.
1098 890 1285 970 Quid
1313 887 1519 974 ig'itur
1542 892 1807 970 mirum,
1838 891 1901 956 si
1932 890 2156 957 Musae
2183 913 2325 959 ma,-

113 995 214 1076 gis
235 996 592 1080 magisque
619 995 1197 1060 obmutescerent?
1289 993 1547 1059 Praeter
1575 1013 1679 1071 ea,
1708 999 1784 1057 ut
1818 993 1895 1057 fit
1936 993 2008 1057 in
2053 1014 2137 1060 ea
2160 1000 2325 1060 tem-

113 1115 350 1178 porum
384 1096 764 1179 iniquitate,
805 1094 1260 1178 antiquiorum
1299 1114 1507 1178 opera
1546 1095 2070 1178 negligebantur,
2100 1097 2325 1181 abjec-

111 1203 316 1278 taque
343 1181 420 1260 in
445 1196 868 1262 bibliothecis
897 1195 1417 1278 sepeliebantur,
1438 1197 1893 1260 recentiorum
1922 1195 2325 1280 respueban-

113 1303 256 1378 tnr3
305 1297 577 1375 codices
607 1298 826 1362 rarius
853 1299 924 1363 in
968 1296 1117 1361 dies
1162 1296 1738 1376 describebantur,
1766 1297 2061 1382 indeque
2090 1295 2323 1375 fiebat,

111 1405 180 1462 ut
223 1399 484 1463 sensim
524 1419 572 1464 e
626 1399 930 1465 manibus
986 1397 1398 1481 privatorum
1456 1399 1795 1463 hominum
1852 1397 2325 1477 dilaberentur,

113 1518 402 1583 quaeque
423 1498 757 1579 adessent,
785 1499 1235 1582 antiquiorum
1265 1499 1483 1582 plura,
1516 1501 1836 1582 pauciora
1856 1502 2323 1578 recentiorum,

109 1601 296 1666 hand
351 1602 456 1667 ita
505 1601 714 1667 multo
769 1605 929 1686 post
973 1600 1440 1689 ingruentium·
1474 1601 1879 1685 populorum
1935 1601 2325 1665 immanium

111 1703 458 1768 barbaries
499 1723 633 1768 non
675 1703 975 1787 diripuit,
1019 1722 1154 1768 non
1188 1721 1346 1768 cum
1389 1701 1629 1766 ceteris
1656 1701 1988 1765 thesauris
2018 1701 2323 1783 praedata

109 1809 232 1883 est,
275 1804 404 1868 sed
446 1803 758 1869 incendio
794 1805 1106 1869 vastavit.
1195 1802 1424 1886 Atque
1462 1801 1589 1866 hoc
1634 1802 1941 1886 profecto
1988 1821 2324 1867 summum

107 1905 508 1971 beneficium
533 1904 787 1972 numini
816 1905 1047 1970 divino
1089 1903 1446 1982 debemus,
1492 1902 1679 1986 quod
1726 1911 2157 1968 monumenta
2184 1904 2323 1969 ista

104 2008 416 2073 cultioris
459 2007 918 2084 humanitatis,
955 2025 1044 2080 ne
1089 2004 1316 2070 dicam
1342 2005 1604 2082 lacera,
1648 2003 1772 2069 sed
1814 2005 1997 2090 quod
2040 2007 2318 2070 omnino

107 2109 228 2173 illa
254 2109 605 2176 habemus.

189 2209 336 2274 His
375 2211 462 2275 de
503 2211 720 2278 Curtii
745 2217 951 2276 aetate
983 2206 1144 2276 VV.
1181 2208 1335 2272 DD.
1366 2208 1721 2272 sententiis
1758 2207 2114 2289 spectatiS,
2159 2226 2321 2290 ope-

14 2367 16 2372 .
107 2331 198 2378 rae
225 2314 520 2399 pretium
545 2333 682 2378 non
712 2313 976 2378 videtur
1011 2331 1190 2388 esse,
1227 2310 1511 2375 ulterius
1553 2309 1888 2393 inquirere
1934 2307 2003 2370 in
2049 2307 2319 2393 opinio-

105 2434 254 2479 nem
281 2416 520 2481 istam:
569 2416 948 2481 Historiam
977 2413 1196 2479 Curtii
1227 2412 1585 2496 scriptoris
1610 2410 2319 2495 cujusdamneoterici

107 2515 496 2599 figmentum
527 2536 701 2582 esse.
791 2516 976 2584 Nam
1007 2516 1176 2580 adeo
1206 2515 1525 2579 insulsam
1564 2532 1714 2576 eam
1756 2515 1959 2595 atque
2000 2530 2090 2574 ex
2132 2530 2313 2577 mero

107 2618 390 2701 pruritu,
419 2618 715 2703 παράδοξα
743 2614 1144 2702 proferendi,
1171 2620 1398 2679 natam
1432 2614 1778 2690 existinw,
1806 2618 1883 2675 ut
1912 2632 2062 2676 cum
2098 2619 2317 2677 tanto-

109 2738 248 2783 rum
301 2720 644 2785 hominum
684 2716 964 2802 judiciis
1009 2716 1212 2781 istam
1259 2734 1654 2798 comparare
1701 2714 1881 2777 haud
1926 2713 2315 2777 sustineam.

109 2818 424 2886 Ceterum
449 2840 656 2905 qnam
699 2836 898 2885 vanae
947 2818 1086 2882 sint
1129 2819 1278 2882 istae
1309 2817 1585 2899 ineptiae
1615 2814 1865 2899 optime
1912 2813 2147 2877 docuit
2198 2814 2316 2879 Io.

111 2922 265 2988 Chr·
292 2922 794 3005 Wagenseilius
837 2922 908 2985 in
953 2918 1132 2985 Pera
1162 2916 1519 2982 Librorum
1557 2915 1603 2979 J
1610 2914 1975 2978 uvenilium
2004 2912 2084 2978 T.
2118 2928 2216 2979 ιν.
2246 2935 2313 2998 p.

107 3024 254 3091 178.
305 3026 330 3058 ‘
345 3024 499 3089 Etsi
527 3042 948 3108 quacumque
977 3021 1065 3086 de
1088 3038 1323 3095 causa,
1325 3016 1344 3043 ’
1383 3016 1604 3101 inquit
1631 3016 1774 3093 ille,
1820 3016 1843 3049 ‘
1862 3033 1998 3078 non
2021 3018 2317 3081 occurrit

109 3126 289 3209 apud
323 3126 768 3210 antiqqures,
795 3123 912 3208 qui
941 3129 1202 3199 extant,
1233 3119 1448 3185 Curtii
1476 3119 1751 3196 mentio,
1784 3124 2011 3189 tamen
2037 3118 2111 3196 ii,
2142 3136 2315 3201 quo·

111 3248 250 3295 rum
283 3236 465 3293 aetas
491 3228 624 3292 tria
659 3227 913 3293 saecula
942 3224 1144 3306 longe
1181 3222 1475 3299 excedit,
1504 3222 1669 3307 ejus
1691 3219 2079 3296 meminere,
2109 3226 2185 3283 ut
2210 3222 2313 3295 sic

111 3332 353 3397 saltem
381 3330 582 3413 longe
631 3334 789 3395 ante
831 3327 951 3391 illa
991 3332 1306 3408 tempora
1331 3323 1592 3389 vixisse
1636 3320 1831 3385 illum
1868 3339 2149 3385 necesse
2198 3322 2313 3387 sit.

111 3432 414 3499 loannes
467 3432 779 3495 nimirum
829 3426 1363 3505 sarisberiensis,
1414 3423 1848 3490 carnotensis
1899 3418 2311 3504 Episcoan,

114 3554 310 3619 quem
336 3552 526 3600 anno
555 3531 746 3598 1182.
795 3532 940 3597 vita
977 3528 1366 3594 excessisse
1405 3530 1691 3603 constat,
1722 3522 2031 3588 Curtium
2062 3521 2313 3604 allegat

111 3636 176 3699 in
220 3636 646 3701 Policratico
672 3635 792 3700 lib.
837 3649 1008 3697 vin.
1040 3630 1148 3696 18.
1197 3628 1585 3714 (vincentis
1631 3623 2140 3692 Bellovacensis
2186 3622 2307 3689 lib.

117 3754 199 3803 lv.
231 3737 516 3822 Speculi
546 3736 965 3802 Doctrinalis
1006 3730 1627 3818 cap.125.Jo.de
1670 3728 1981 3793 Vitriaco
2032 3725 2099 3787 in
2136 3724 2309 3790 Ges-

115 3840 192 3905 tis
235 3838 380 3905 Dei
423 3856 546 3923 per
573 3836 876 3902 Francos
906 3856 980 3921 p.
1005 3834 1202 3931 1132.
1208 3830 1240 3917 )
1325 3832 1689 3915 Philippus
1726 3846 1885 3894 vero
1914 3824 2305 3909 Gualterus,

114 3938 498 4025 Episcopus
528 3937 920 4016 Insulanus,
949 3941 1147 4019 quem
1193 3932 1494 3998 nonnulli
1534 3927 2045 3997 Sarisberieusis
2082 3947 2308 4011 aequa-

117 4040 233 4105 lem
265 4050 648 4125 temporum
679 4045 1045 4117 autumant,
1063 4036 1206 4115 ulii,
1229 4042 1306 4101 ut
1320 4034 1621 4099 Vossius
1650 4032 1733 4097 de
1760 4028 1992 4095 Poetis
2021 4028 2307 4106 Latinis,

119 4162 176 4209 a.
119 4142 423 4211 almo,
467 4141 799 4206 claruisse
844 4140 1087 4218 ferunt,
1129 4139 1201 4203 in
1230 4134 1757 4212 Alexandreide,'
1796 4134 1942 4198 sive
1973 4130 2305 4209 Carmine,

231 4244 476 4309 Delfi-et
501 4240 619 4293 Ver.
639 4243 770 4293 Clas.
1095 4240 1161 4296 Q.
1179 4239 1318 4290 cm.
2132 4232 2176 4280 C
