2858 4782
687 367 943 422 surm..
991 367 1193 431 nto.
1239 367 1589 420 cunnum
1644 373 1784 422 mn.
1832 375 1882 423 ι.
2246 359 2376 428 107

181 511 344 574 urbis
393 529 604 572 aarum
647 509 714 570 in
753 511 919 573 siuns
967 522 1074 574 sut
1119 509 1378 574 amicula
1417 487 1749 574 statuarum
1782 513 2153 584 abdiderintz
2196 515 2374 598 idque

178 609 414 670 salvum
439 605 784 687 repererint,
833 623 970 670 cum
1015 609 1302 688 vigesimo
1343 620 1485 690 post
1526 627 1684 670 anno
1712 610 2057 672 Cassander
2082 612 2377 693 Antipatri

177 705 332 765 filins
359 703 602 763 Thebas
627 703 1019 766 instauraret!
1051 707 1180 766 ⁸10.
1207 705 1387 774 Quod
1413 703 1655 784 quidem
1684 725 1803 768 non
1832 717 1954 767 tam
1980 708 2378 770 misericordia

177 801 235 860 in
277 799 568 881 profugos
609 797 822 860 fecisse
865 799 1162 868 creditura
1205 819 1386 880 quam
1427 811 1499 860 nt
1534 800 1877 873 Alexandri,
1919 821 2097 882 quem
2146 803 2375 877 oderat,

173 896 428 975 gloriam
451 896 827 956 detrectaret.
891 895 1246 975 Quanquam
1274 905 1470 956 autem
1494 906 1751 960 veterem
1770 915 2065 958 murorum
2092 900 2376 960 ambitum

173 993 302 1052 urbi
343 989 740 1060 restituissetz
784 1009 976 1072 neque
1018 1011 1212 1056 mores
1251 991 1550 1072 antiquos,
1590 1011 1785 1071 neque
1810 993 2107 1055 fortunam
2130 995 2377 1056 reddere

173 1088 412 1168 potuita
453 1105 760 1167 nusquam
803 1098 1017 1166 postea
1055 1087 1392 1160 resurrexit,
1421 1098 1490 1149 nt
1514 1089 1993 1154 convalesceret:
2042 1090 2149 1151 sed
2176 1090 2375 1152 multis

170 1183 428 1246 subinde
455 1183 894 1244 calamitatibus
919 1195 1154 1257 vexata,
1181 1185 1280 1244 vix
1305 1184 1503 1246 tenuis
1532 1185 1733 1264 oppidi
1762 1186 2023 1264 speciem
2050 1186 2127 1246 ad
2156 1205 2376 1248 memo-

169 1283 314 1340 riam
341 1280 900 1342 nostram-retinnit.
967 1283 1060 1342 11.
1090 1281 1448 1342 Poenituisse
1471 1289 1685 1358 postea
1710 1281 1909 1342 serunt
1926 1280 2376 1356 Alexandrum*

172 1375 334 1454 qnod
364 1374 586 1435 excisis
611 1374 826 1436 Thebis
852 1374 1016 1436 velut
1041 1375 1294 1434 alterum
1315 1370 1571 1436 Groeciae
1598 1373 1835 1436 oculum
1862 1377 2141 1439 eruisset:
2172 1378 2375 1458 utique

169 1479 494 1552 postqum
521 1469 664 1530 Cliti
687 1469 939 1541 cmdem,
967 1478 1030 1528 et
1057 1467 1460 1530 Macedonum
1501 1469 1822 1548 ignaviam,
1848 1472 2283 1550 expeditionem
2309 1475 2371 1532 in

167 1566 492 1644 penitiores
549 1563 732 1624 Indos
787 1565 1171 1644 pertinaciter
1225 1564 1649 1644 recusantium,
1692 1566 1886 1627 ‘iram
1931 1566 2123 1629 Liberi
2148 1570 2374 1647 patris’

169 1663 594 1740 interpretatus
617 1671 742 1762 ess
776 1668 796 1696 ⁶
823 1661 901 1720 ob
931 1661 1212 1725 afflictam
1239 1661 1493 1740 patriam
1520 1660 1811 1739 ejusmodi
1850 1679 2057 1741 ponas
2098 1673 2371 1742 repeten-

165 1755 300 1818 τίετ’
348 1757 448 1816 12.
501 1765 568 1816 et
617 1755 830 1836 reperti
874 1767 1036 1829 sunt,
1077 1757 1182 1836 qui
1221 1757 1416 1836 ipsam
1450 1757 1610 1836 reg-is
1637 1767 1909 1832 mortem,
1934 1778 2055 1819 non
2086 1759 2215 1820 sine
2239 1761 2369 1820 vin·

167 1851 328 1914 dicta
355 1851 602 1924 Bacchi,
629 1852 706 1911 ab
733 1851 1017 1912 ebrietate
1055 1863 1119 1914 et
1144 1851 1282 1934 vino
1323 1852 1654 1932 profectam
1683 1852 2031 1916 crederent.¹
2118 1856 2212 1916 13.
2256 1843 2368 1916 ni·

164 1947 252 2008 ita
289 1949 670 2028 perpetratis,
708 1947 978 2008 Athenas
1013 1949 1194 2020 misit,
1229 1949 1629 2022 nuntiatum?
1678 1956 1696 1984 ‘
1726 1959 1797 2009 ut
1820 1959 2107 2022 oratores,
2134 1950 2233 2029 qui
2264 1970 2369 2029 po-

163 2043 372 2123 pulum
403 2044 690 2106 adversus
711 2043 1084 2107 Macedonas
1111 2047 1414 2106 concitare
1440 2063 1563 2104 non
1594 2035 1957 2118 desinerent,
1970 2044 2367 2114 traderenturz

165 2149 272 2198 ant
315 2141 370 2200 si
409 2139 546 2200 illos
588 2141 855 2202 amittere
895 2151 1306 2219 gravarentur,
1339 2139 1551 2200 eadem
1580 2143 1971 2202 contumacioe
1996 2141 2239 2221 proemia
2262 2159 2368 2200 ex-

163 2243 492 2312 pectarent,
521 2253 772 2314 qnorum
797 2236 1134 2316 exemplum
1163 2237 1224 2296 in
1254 2237 1671 2298 Thebanorum
1698 2236 2035 2296 calamitate
2059 2236 2369 2316 conspice-

159 2325 332 2393 rent?
421 2332 514 2393 14.
561 2330 650 2390 Ibi
677 2345 812 2390 cum
843 2331 1134 2407 Phocion,
1165 2332 1336 2412 cujus
1380 2333 1462 2393 ob
1498 2331 1892 2411 integritatem
1935 2332 2074 2393 vitm
2110 2333 2367 2395 maxima

161 2427 238 2487 sd
281 2428 574 2507 populum
619 2429 940 2490 auctoritas
987 2440 1136 2500 erat,
1180 2435 1198 2463 ‘
1225 2448 1347 2490 non
1393 2428 1745 2489 irritandum
1798 2427 2197 2489 adolescentis
2246 2427 2369 2489 vic-

161 2524 428 2602 torisque
462 2522 754 2583 animnm’
795 2524 1040 2598 diceret,
1077 2524 1527 2604 hortareturque
1564 2542 1697 2597 eos,
1740 2522 1820 2583 ad
1856 2542 2009 2603 quos
2039 2518 2365 2605 periculum

155 2617 418 2678 maxime
441 2618 796 2699 pertinebat,
833 2626 854 2655 ⁸
873 2628 944 2680 ut
970 2620 1074 2681 Lei
1101 2630 1165 2681 et
1191 2618 1509 2681 Erechthei
1536 2618 1687 2681 filias
1710 2619 1938 2692 imitati,
1964 2620 2231 2700 spiritum
2256 2638 2364 2699 pro

157 2714 369 2791 patr-im
417 2713 612 2773 salute
653 2713 1012 2793 profundere
1061 2732 1138 2775 ne
1181 2715 1521 2776 dubitarent
1538 2714 1580 2781 ς’
1624 2716 1721 2775 15.
1738 2720 1745 2725 ’
1764 2715 2223 2788 Demosthenes,
2262 2718 2365 2795 qui

157 2808 508 2871 nominatim
553 2811 888 2888 petebatur,
935 2812 1210 2885 surrexit,
1255 2812 1585 2890 docuitque
1608 2818 1644 2847 ‘⁸
1676 2809 1801 2870 salli
1844 2810 2263 2883 Athenienses,
2311 2814 2363 2871 si

157 2922 486 2983 paucorum
536 2904 837 2967 deditione
887 2908 1154 2988 periculo
1201 2908 1449 2985 defungi
1496 2924 1673 2985 posse
1719 2904 2068 2966 crederent:
2112 2904 2361 2966 callidos

155 3000 530 3063 Macedonas
584 3020 690 3063 eos
741 3020 1086 3085 exposcere,
1134 3020 1382 3081 quorum
1436 2997 1807 3079 vigilantiam
1852 3008 2034 3078 atque
2080 2999 2359 3063 virtutem

157 3098 416 3157 maxime
443 3098 698 3159 invisam
722 3110 1184 3179 suspectamque
1205 3096 1526 3157 haberent:
1558 3096 1768 3157 amotis
1792 3094 2049 3175 pnblicoe
2074 3096 2359 3158 libertatis

151 3192 530 3267 custodibus,
558 3194 622 3253 in
649 3194 852 3253 orbam
881 3194 1372 3271 indefensamque
1411 3191 1734 3265 civitatem,
1776 3200 2061 3270 tanquam
2095 3192 2270 3272 lupos
2296 3193 2359 3253 in

151 3306 292 3349 oves
317 3291 574 3351 canibus
600 3290 972 3362 destitutae?
1000 3292 1279 3369 impetum
1309 3288 1575 3348 facturos
1600 3288 1779 3348 esne?
1852 3288 1947 3347 16.
1977 3288 2174 3348 Multa
2198 3306 2359 3349 com-

153 3385 398 3445 miserat
425 3384 486 3443 in
517 3384 886 3445 Macedonas
917 3384 1376 3456 Demosthenes,
1409 3384 1488 3443 ob
1530 3402 1667 3462 quae
1706 3382 1865 3443 haud
1894 3382 2104 3461 injuria
2130 3384 2359 3444 nullum

151 3480 312 3559 apud
375 3498 484 3540 eos
526 3482 717 3540 veniae
769 3480 963 3541 locum
1011 3481 1279 3540 relictum
1333 3480 1748 3540 arbitrabatur.
1836 3477 2111 3557 Philippo
2158 3480 2359 3539 occiso

151 3586 362 3637 auctor
389 3576 686 3647 extiterat,
703 3584 772 3635 ut
789 3574 1103 3635 Pausaniae
1131 3573 1412 3635 sacellum
1429 3584 1872 3646 exstrueretur-,o
1898 3572 2059 3653 apud
2085 3574 2355 3653 pulvina-

151 3673 234 3731 ria
255 3670 459 3733 Deum
509 3662 974 3750 supplicau'ones
1003 3669 1380 3743 haberentur,
1409 3670 1644 3749 aliaque
1670 3671 1749 3730 ob
1774 3668 2067 3749 insignem
2094 3668 2357 3729 laetitiam

151 3767 392 3829 decerni
421 3767 598 3827 solita
625 3778 993 3827 curarentur.
1081 3767 1175 3826 17.
1204 3764 1610 3826 Alexandrum
1639 3764 1787 3825 alias
1816 3772 1835 3799 ‘
1856 3763 2179 3846 puerum,’¹'
2208 3763 2354 3827 alias

207 3914 222 3947 ¹
257 3910 420 3961 Diod.
439 3912 477 3960 Ι.
500 3912 538 3961 l.
1357 3919 1382 3943 ³
1416 3910 1564 3959 Plut.
1590 3904 1862 3959 Demosth.
1886 3920 1941 3972 p.
1962 3910 2081 3957 0⁵⁶.

207 3986 236 4021 Β
269 3987 421 4036 Plnt.
443 3986 595 4035 Alex.
617 3998 672 4049 p.
689 3989 806 4036 671.
1353 3994 1378 4019 ⁰
1409 3984 1679 4034 AEschines
1700 3993 1871 4035 contr.
1890 3982 2137 4051 ctesiph„

203 4058 216 4094 ¹
254 4062 544 4111 Athe-umus
567 4072 624 4110 x.
643 4064 696 4109 9.
887 4060 890 4063 ’
1309 4084 1316 4095 ·
1353 4066 1383 4102 ν
1416 4058 1560 4111 Plut.
1584 4058 1862 4111 Demosth.
1905 4060 1941 4110 1.
1978 4061 2014 4111 1.
2053 4060 2199 4111 Suid.
2238 4072 2351 4112 voc.

209 4144 252 4171 ⁸
281 4136 447 4187 Diod.
471 4146 622 4185 xvn.
639 4135 1110 4198 p.³so.·Arriau.r.
1133 4136 1211 4189 10.
1291 4134 1554 4200 Μαργίτης.
1892 4160 1897 4167 ·

152 4210 296 4261 Plnt.
319 4210 576 4261 Phocion.
597 4224 648 4275 p.
671 4212 787 4261 749.
