2858 4782
207 562 518 623 moveret
559 560 950 638 exercitum,
993 577 1196 643 opem
1225 558 1447 624 Deum
1474 576 1875 642 exposcenS‚
1896 576 2163 623 sacrum
2190 560 2409 643 pattio

201 680 394 725 more
426 659 741 725 faciebat.
827 661 939 728 11.
999 661 1208 727 Forte
1251 660 1739 745 praetervolans
1794 678 2039 727 corvus
2097 660 2409 743 glebam,⁸

201 780 402 845 quam
429 762 760 845 unguibus
786 763 1066 842 ferebat,
1097 764 1324 828 subito
1345 762 1601 841 omisit;
1640 780 1797 845 qum
1825 780 1981 827 cum
1999 762 2173 843 regis
2188 761 2407 844 capiti

201 862 582 940 incidisset,
611 865 906 929 resoluta
928 864 1280 929 defluxitz⁸
1319 862 1477 947 ipsa
1504 869 1733 928 autem
1778 863 1930 928 avis
1977 864 2051 927 in
2094 864 2410 946 proxima

202 970 388 1027 turre
429 964 757 1030 consedit.
847 966 1034 1031 Illita
1071 971 1218 1031 erat
1259 966 1453 1030 turris
1496 966 1824 1030 bitumine
1846 962 1874 1001 ¹³
1922 984 2005 1030 ac
2053 964 2406 1049 sulphure:

202 1066 276 1129 in
305 1084 443 1149 qua
489 1066 620 1130 alis
657 1068 1086 1145 haerentibus,
1130 1068 1382 1131 frustra
1411 1086 1487 1130 se
1538 1065 1827 1131 allevare
1872 1070 2155 1131 conatus
2182 1085 2227 1129 a
2278 1065 2409 1130 cir-

200 1170 702 1234 cumstantibus
731 1171 1016 1261 capitur.
1101 1170 1211 1235 12.
1259 1171 1489 1251 Digna
1529 1187 1635 1235 res
1688 1170 1860 1249 visa,
1906 1167 1991 1233 de
2034 1187 2173 1251 qua
2216 1173 2408 1234 vates

203 1268 744 1335 consulerentur:
785 1277 856 1334 et
883 1277 1032 1335 erat
1050 1290 1184 1335 non
1211 1272 1503 1335 intactus
1532 1288 1619 1335 ea
1640 1270 2111 1353 superstitione
2138 1270 2407 1334 mentia.

205 1368 390 1451 Ergo
419 1369 837 1450 Aristander,
873 1374 984 1437 cui
1011 1373 1318 1437 maxima
1359 1370 1526 1435 fides
1563 1372 1957 1449 habebatur,
2002 1375 2023 1407 ⁴
2047 1370 2229 1435 urbia
2258 1370 2409 1454 qui-

205 1470 358 1535 dem
401 1470 746 1536 excidium
789 1474 1068 1555 augurio
1120 1473 1242 1538 illo
1287 1471 1615 1555 portendi,
1663 1481 1980 1549 ceterum,
2032 1470 2407 1555 periculum

201 1590 358 1637 esse
403 1572 698 1655 [inquit]‚
730 1593 812 1639 ne
841 1594 962 1639 rex
987 1575 1233 1642 vulnus
1263 1574 1607 1657 acciperet
1626 1572 1664 1637 :’
1691 1574 1921 1656 itaque
1948 1573 2231 1649 monuit,
2278 1577 2299 1609 ‘
2320 1593 2409 1639 ne

203 1671 372 1756 quid
419 1690 502 1736 eo
550 1673 662 1738 die
701 1673 1067 1758 inciperet?
1154 1676 1261 1740 13.
1307 1674 1437 1741 Ille
1485 1693 1874 1757 quanquam
1919 1692 2125 1738 unam
2172 1673 2406 1739 urbem

745 414 864 463 οι..
913 412 1108 463 cxu.
1152 397 1218 462 1.
1295 414 1370 464 Α.
1416 414 1538 464 cn.
1583 414 1661 465 κ.
1704 398 1857 465 382.

265 1830 284 1864 ¹
316 1831 381 1880 In
389 1832 651 1895 particulas
669 1833 953 1884 emminuta
971 1832 1187 1883 dissiliit.

1120 1960 1483 1985 meeumee

199 2040 356 2091 Von-
380 2046 430 2093 2.
462 2058 524 2094 ex
544 2044 758 2096 tabulata
780 2052 817 2097 t.
845 2047 1348 2111 persev-ingebat.—1o
1383 2046 1531 2098 Leid.
1567 2062 1705 2096 sacra
1736 2046 1895 2110 patrio
1916 2046 2187 2097 more—11
2225 2042 2338 2093 Pal.
2358 2048 2409 2094 1.

199 2107 443 2167 unguib„
461 2110 667 2159 tenebat.
733 2112 871 2161 Edd.
897 2119 1027 2161 vett.
1053 2126 1168 2162 cum
1191 2112 1426 2162 Freinsh.
1454 2110 1648 2162 Cellar.
1684 2112 1875 2161 Pitisc.
1896 2111 2028 2160 Tell.
2054 2109 2230 2161 Maitt.
2252 2107 2411 2159 Snak.

197 2168 364 2219 Barh.
385 2174 486 2220 dec.
517 2187 558 2223 s.
581 2172 746 2223 amisit
758 2190 780 2234 ‚·
811 2176 1033 2225 Theocr.
1069 2186 1126 2225 et
1155 2175 1280 2225 Ald.
1311 2176 1468 2225 sabito
1485 2176 1665 2225 omisit.
1736 2176 1901 2240 Bong.
1921 2179 1973 2225 Ξ.
1996 2180 2051 2225 et
2072 2174 2225 2223 Voss.
2252 2175 2297 2222 l.
2328 2186 2403 2220 re-

197 2234 354 2283 sanata
392 2235 596 2299 deflui&
624 2238 768 2289 Pith.
800 2254 845 2287 r.
882 2240 1111 2304 deflexu,-
1149 2240 1397 2289 Heinsius
1435 2240 1575 2302 conj.
1611 2240 1841 2304 diffluxit.
1906 2238 2036 2288 Mox
2069 2238 2273 2300 Impletc
2302 2240 2409 2286 erut

200 2296 396 2348 Bothe.
479 2300 649 2363 Βοῦς.
695 2307 742 2351 1.
791 2309 1003 2364 emaus,
1045 2304 1135 2352 scd
1190 2304 1555 2366 superscripto
1598 2319 1630 2353 c
1668 2308 1893 2360 conatu,-
1948 2302 2090 2351 Pith.
2130 2305 2412 2350 muctar.—

203 2364 266 2410 12
300 2362 456 2412 Voss.
477 2367 527 2413 2.
559 2378 637 2414 res
655 2368 757 2415 visu
781 2374 867 2417 est.
932 2367 1046 2417 Pal.
1070 2373 1117 2418 1.
1140 2367 1306 2430 Bong.
1328 2371 1374 2417 1.
1390 2371 1443 2416 2.
1480 2368 1711 2416 Floreat.
1734 2365 1883 2417 Leid.
1907 2373 1961 2418 et
1983 2368 2136 2416 Voss.
2163 2370 2208 2416 1.
2239 2378 2407 2413 emu-

200 2425 322 2476 lem
336 2443 358 2484 ,·
392 2428 516 2477 Bas.
539 2437 596 2478 et
618 2429 741 2479 Ald.
769 2433 1077 2482 consulerent.
1143 2429 1316 2482 Amat.
1335 2437 1395 2480 et
1417 2431 1585 2493 Lugd.
1622 2435 1669 2480 et
1702 2435 1807 2480 erut
1840 2445 1946 2482 rex.
2016 2429 2165 2480 Leid.
2186 2430 2337 2478 Voss.
2360 2431 2412 2480 1.

202 2493 254 2539 2.
289 2491 462 2554 Bcng.
483 2493 600 2542 Pal.
627 2499 674 2542 l.
697 2501 753 2544 et
779 2496 917 2544 Dan.
949 2496 1154 2556 intuere,
1187 2493 1330 2559 quod
1353 2494 1737 2544 Freinshemius
1760 2495 1948 2543 mutari
1984 2495 2097 2544 vult
2116 2493 2171 2544 iu
2192 2494 2409 2555 mma,

202 2567 277 2602 sc.
301 2557 512 2615 mentis,
536 2557 792 2619 probante
815 2559 1047 2608 Heinsio.
1113 2557 1362 2608 ‘Maiimz
1396 2563 1451 2608 ut
1482 2563 1589 2607 erat
1610 2573 1705 2606 non
1732 2557 1963 2611 ἐπέπεσέ
1986 2557 2173 2609 Bothe.
2238 2557 2409 2608 Paulo

201 2625 345 2680 post,
377 2619 538 2682 iuquit
559 2634 660 2669 non
683 2622 908 2672 hahetur
926 2623 978 2672 ln
1005 2623 1233 2672 Florent.
1258 2621 1406 2671 Leid.
1433 2622 1579 2670 Voss.
1602 2626 1649 2672 1.
1668 2626 1723 2671 2.
1759 2623 1927 2685 Bong.
1948 2625 1995 2672 1.
2017 2626 2069 2674 2.
2092 2621 2220 2672 aliis.
2287 2619 2409 2670 Pal.

203 2685 254 2734 1.
273 2683 504 2734 omittit:
539 2684 700 2748 itaque
719 2701 784 2737 m.
805 2702 856 2737 a.
877 2704 926 2751 q.
949 2702 1002 2736 eo
1021 2689 1072 2736 d.
1097 2686 1475 2750 inciperem—18
1510 2687 1658 2736 Pith.
1690 2685 1854 2736 arbem
1873 2701 2049 2746 mnu
2079 2686 2231 2736 Voss.
2246 2688 2295 2736 2.
2327 2698 2410 2734 ur·

1194 2817 1412 2870 NOTAE

203 2907 420 2974 duplex,
444 2910 658 2974 triplex,
690 2919 779 2964 aut
811 2930 986 2980 supra,
1006 2922 1066 2966 ut
1087 2930 1262 2966 nume·

202 2998 289 3034 rus
313 2985 552 3043 militum,
575 2995 669 3037 aut
701 2991 1004 3055 magnitudo
1039 2993 1140 3043 loci
1173 3007 1264 3057 op-

202 3062 469 3125 pugnandi
489 3070 622 3113 erat.
691 3065 754 3114 In
776 3079 968 3116 corona
987 3068 1262 3118 introrsum

199 3135 427 3199 pedites,
448 3149 660 3199 quorum
677 3137 952 3201 invadere3
974 3150 1264 3192 extrorsum

201 3211 427 3275 equites,
448 3225 662 3274 quorum
685 3213 978 3278 inspectare
999 3224 1056 3266 et
1076 3217 1244 3267 tueri.’

265 3291 292 3328 ⁸
312 3285 539 3348 Gieboen]
559 3286 754 3336 Eodem
769 3288 922 3339 modo
937 3289 1268 3344 Plutarchus.

199 3359 455 3410 Arrianus
475 3367 650 3412 autem
672 3362 898 3426 lapidem
916 3362 1074 3416 fnisse
1089 3366 1266 3417 tradit.

199 3436 305 3486 Sed
322 3434 528 3499 glebam
547 3449 662 3486 esse
681 3439 934 3500 oportuit,
949 3441 993 3489 si
1011 3442 1176 3507 capiti
1189 3443 1266 3492 in-

203 3512 388 3562 cidens
411 3511 429 3541 ‘
449 3510 678 3561 resoluta
699 3511 955 3564 defluxit?

263 3585 288 3620 ¹¹
323 3585 598 3650 mundae]
644 3587 900 3639 Quorsum
933 3589 1168 3643 bitumen
1203 3609 1266 3646 ac

201 3659 404 3711 sulfur?
457 3660 530 3710 Ut
560 3662 781 3712 celerius
815 3664 988 3728 ignem
1015 3675 1265 3732 caperent

202 3744 372 3788 turres
395 3735 618 3798 scilicet,
641 3751 756 3800 quoe
783 3742 921 3790 omui
955 3742 1125 3804 potius
1148 3752 1264 3794 arte

201 3811 453 3861 adversus
475 3810 646 3872 ignem
668 3813 892 3865 hostium
913 3816 1266 3870 defendeban-

201 3889 314 3940 tur?
337 3887 719 3952 suspicabatur
736 3891 1014 3956 aliquando
1032 3895 1264 3946 Raderus

202 3964 454 4027 scriptum
478 3962 554 4010 sic
582 3975 714 4024 esse,
745 3967 953 4017 alumine
971 3985 1028 4018 ac
1044 3972 1265 4034 pulvere,-

204 4041 412 4090 alnmen
437 4037 636 4101 quippe
655 4041 904 4091 machinis
939 4043 1006 4094 ab
1029 4045 1147 4110 igne
1174 4047 1266 4098 de-

198 4112 478 4165 fendendis
499 4121 799 4176 usurpatum
823 4117 1071 4171 Claudius
1092 4123 1268 4176 Quad-

205 4190 433 4254 rigarius
455 4185 822 4241 ‹st-Ammianu-
841 4193 1134 4256 prodidere.
1165 4199 1266 4247 Ve-

205 4281 319 4318 rum
354 4279 499 4315 suam
539 4264 650 4330 ipse
688 4267 1042 4332 conjecturam
1079 4273 1268 4327 merito

1346 2914 1569 2978 refellit3
1592 2915 1677 2964 vel
1702 2914 1824 2979 quia
1845 2912 2069 2964 noudum
2088 2910 2226 2961 istud
2248 2908 2411 2960 Alex-

1346 2989 1493 3039 andri
1517 3005 1631 3041 oevo
1654 2989 1955 3049 inventum;
1994 2987 2077 3035 vel
2096 2985 2218 3050 quia
2239 2985 2409 3048 impli-

1345 3063 1527 3116 candis
1559 3064 1729 3115 avium
1768 3063 1955 3126 plumis
1986 3061 2193 3111 minime
2226 3069 2407 3124 aptum

1347 3139 1550 3189 alumen
1577 3137 1782 3189 videtur
1804 3153 1935 3188 esse.
1966 3137 2143 3188 Nihilo
2165 3136 2305 3188 forte
2322 3151 2409 3187 ve-

1347 3214 1472 3279 rius,
1490 3215 1626 3281 qnod
1661 3222 1833 3265 tamen
1869 3214 2037 3264 eidem
2062 3214 2278 3278 placuit,
2301 3221 2411 3263 tur-

1329 3289 1445 3340 rim
1484 3291 1583 3341 hoc
1617 3292 1729 3340 ioco
1760 3305 1862 3341 uon
1896 3303 2050 3340 unam
2083 3303 2153 3338 ex
2174 3288 2413 3351 materia,

1345 3367 1695 3431 mobilemque
1718 3366 2010 3428 memorari,
2032 3364 2125 3414 sed
2149 3363 2407 3427 lapideam

1345 3441 1591 3507 aliquam,
1608 3449 1700 3490 aut
1733 3441 2033 3503 lateritiam,
2058 3439 2311 3488 bitumine
2346 3453 2409 3488 ac

1343 3515 1541 3567 sulfure
1575 3531 1670 3582 pro
1691 3525 1947 3566 coemento
1968 3515 2272 3578 interlitam,
2292 3529 2409 3578 qun

1346 3600 1457 3642 tum
1495 3591 1633 3642 forte
1678 3591 1846 3640 vicina
1884 3589 2063 3639 fuerit.
2130 3589 2234 3638 Vix
2268 3589 2409 3638 enim

1343 3668 1663 3734 persuaserit
1697 3667 1847 3716 allam
1884 3667 1965 3716 liic
1999 3663 2183 3713 turrim
2213 3663 2411 3726 signifi·

1345 3744 1475 3807 cari,
1494 3759 1647 3810 quam
1678 3757 1747 3792 ex
1780 3756 1956 3791 earum
1979 3753 2187 3804 genere,
2208 3739 2274 3788 de
2297 3740 2409 3804 qul-

1345 3821 1442 3870 bus
1464 3820 1645 3887 paucis
1670 3826 1793 3868 ante
1816 3817 2047 3866 versibus
2076 3821 2261 3879 egerat
2280 3816 2411 3865 Cur-

1349 3896 1470 3946 tius.
1537 3896 1706 3947 Quem
1732 3908 1832 3957 ego
1852 3891 2219 3942 hallucinatum
2244 3893 2409 3943 credi·

1345 3971 1511 4020 derim
1534 3969 1725 4034 potius,
1747 3983 1862 4017 cum
1889 3967 2199 4018 Plutarchus
2218 3981 2319 4018 uon
2338 3969 2413 4019 hi-

1347 4047 1565 4110 tumine,
1590 4044 1683 4094 sed
1708 4043 1928 4108 νευρίνοις
1960 4041 2291 4108 κεκρυφάλοις,
2315 4046 2413 4095 hoc

1346 4131 1451 4184 est,
1469 4119 1687 4172 reticulis
1714 4135 1777 4170 ex
1804 4135 1949 4170 nereo
1969 4121 2223 4180 contextis,
2242 4120 2307 4169 ad
2332 4121 2413 4169 fu-

1347 4213 1440 4250 nes
1465 4199 1770 4263 versandos,
1792 4197 2048 4248 irretitam
2084 4211 2229 4249 avem
2252 4197 2411 4262 scrip-

1347 4275 1496 4326 serit.
