2858 4782
456 368 593 436 422
691 382 1196 435 namneusmr
1232 380 1498 433 suver..
1529 382 1610 432 m
1646 384 1716 444 o.
1747 380 2014 433 cun-1⁸11
2049 380 2230 433 anri
2265 382 2416 432 ms.
2446 384 2553 434 vr.

459 524 644 588 funt!
702 526 761 587 8.
797 523 1108 604 Antipater
1126 542 1199 584 ea
1217 543 1281 585 re
1301 532 1606 605 comperta
1629 525 1850 585 bellum
1867 525 1929 584 in
1947 524 2218 596 Thracia,
2235 526 2448 606 quibus
2467 536 2672 605 potest

460 622 896 684 conditionibus
924 621 1263 701 componit:
1294 622 1624 702 raptimque
1643 620 1706 680 in
1739 621 2035 681 Graeciam
2063 640 2393 701 regressus,
2419 624 2500 682 ab
2519 622 2670 683 ami·

460 720 548 778 cis
578 716 875 797 sociisque
916 716 1253 777 civitatibus
1294 716 1512 777 auxilia
1537 718 1721 797 cogit.
1805 716 2038 786 Quibus
2065 718 2562 778 convenientibus
2589 718 2674 777 ad

461 812 858 893 qnadraginta
908 822 1306 894 pugnatorum
1352 811 1538 872 millia
1587 812 1907 874 recensuit.
1989 815 2050 873 9.
2094 813 2435 873 Advenerat
2475 824 2544 875 et
2593 832 2678 873 ex

464 910 879 990 Peloponneso
906 907 1106 968 valida
1132 928 1343 969 manus
1368 926 1385 967 :
1428 908 1536 969 sed
1565 909 1708 988 quia
1733 908 1974 969 dubiam
1995 910 2257 988 ipsorum
2279 910 2460 970 fidem
2491 910 2680 971 resci-

464 1015 648 1077 verat,
676 1004 1049 1065 dissimulata
1076 1004 1412 1084 suspicione
1441 1004 1664 1082 gratias
1692 1006 1836 1083 egit,
1881 1010 1900 1039 ‘
1925 1004 2087 1083 quod
2117 1004 2196 1065 ad
2223 1004 2678 1067 defendendam

466 1102 750 1161 adversus
790 1100 1273 1160 Lacedaemonios
1324 1099 1650 1160 Alexandri
1694 1099 2048 1179 dig-nitatem
2090 1100 2436 1161 affuissent:
2481 1104 2679 1181 scrip-

458 1208 661 1258 turum
706 1214 771 1255 se
814 1195 873 1254 id
916 1197 1066 1275 regi,
1110 1196 1360 1275 gratiam
1402 1194 1462 1253 in
1507 1205 1767 1274 tempore
1795 1195 2096 1255 relaturo:
2135 1196 2196 1255 in
2227 1214 2496 1275 praesens
2527 1197 2678 1257 nibil

464 1312 619 1372 opus
647 1310 781 1351 esse
808 1290 1127 1370 majoribus
1155 1292 1375 1370 copiis:
1406 1291 1610 1370 itaque
1639 1291 1850 1351 domos
1880 1291 2163 1365 redirent,
2191 1292 2431 1353 foede'ris
2461 1312 2680 1353 neces·

469 1389 643 1448 sitate
672 1383 971 1468 expleta.’‘
1049 1388 1147 1447 10.
1190 1387 1449 1447 Nuntios
1497 1386 1717 1447 deinde
1761 1386 1838 1444 ad
1883 1386 2288 1447 Alexandrum
2341 1389 2550 1461 mittit,
2597 1388 2682 1448 de

466 1493 632 1545 motu
659 1482 915 1543 Graeciee
956 1482 1264 1543 certiorem
1304 1485 1464 1542 sactu
1473 1495 1618 1544 ros.⁸
1696 1484 1895 1562 Atque
1922 1482 2008 1543 illi
2035 1502 2234 1562 regem
2263 1483 2426 1565 apud
2455 1484 2684 1545 Bactra

468 1578 708 1643 demum
730 1580 1038 1641 consecuti
1058 1588 1231 1649 sunt3
1261 1598 1395 1639 cum
1424 1579 1660 1640 interim
1677 1578 1974 1660 Antipatri
1995 1578 2264 1652 victoria,
2274 1589 2338 1639 et
2357 1599 2508 1640 nece
2526 1580 2678 1659 Agi-

470 1674 649 1735 disin
680 1676 939 1736 Arcadia
986 1687 1353 1737 transactum
1399 1686 1582 1738 esset.
1672 1677 1766 1735 11.
1811 1678 1969 1735 Sane
1987 1675 2114 1754 jam
2155 1674 2384 1754 pridem
2413 1675 2680 1734 tumultu

472 1770 1056 1831 Lacedaemoniorum
1084 1773 1351 1851 cognito,
1393 1782 1686 1851 qnantum
1712 1780 1803 1829 tot
1831 1781 2118 1831 terrarum
2143 1770 2352 1851 spatiis
2378 1771 2679 1833 discretus

462 1866 683 1946 potuit,
709 1866 1089 1945 providerat:
1135 1867 1561 1947 Amphoterum
1597 1874 1616 1902 ‘
1635 1886 1772 1926 cum
1803 1866 2038 1946 Cypriis
2067 1876 2132 1926 et
2159 1865 2478 1929 Phoeniciis
2507 1868 2680 1925 navi·

470 1960 581 2019 bus
612 1961 672 2019 in
705 1960 1185 2039 Peloponnesum
1218 1962 1565 2041 navigare3’
1597 1962 1878 2022 Meneten
1907 1969 1924 1996 ⁸
1947 1960 2060 2021 tria
2080 1959 2261 2020 millia
2285 1958 2578 2020 talentum
2598 1960 2678 2021 ad

468 2072 631 2114 mare
660 2052 887 2114 deferre
904 2054 921 2080 ⁹
952 2056 1235 2135 jusserat,
1258 2064 1275 2091 ⁸
1298 2066 1366 2115 ut
1384 2078 1458 2116 ex
1489 2056 1821 2137 propinquo
1849 2056 2158 2136 pecuniam
2190 2056 2510 2133 Antipatro
2537 2057 2680 2117 sub·

472 2148 849 2222 ministraret,
874 2159 1099 2228 quanta
1118 2150 1283 2209 illum
1308 2150 1572 2230 indigere
1601 2148 2068 2230 cognovisset.’¹·
2157 2151 2250 2209 12.
2295 2148 2490 2211 Probe
2517 2152 2678 2211 enim

466 2254 873 2325 perspexerat,
891 2247 1099 2323 quanti
1128 2245 1206 2305 ad
1224 2248 1426 2305 omnia
1447 2248 1729 2307 momenti
1749 2258 1946 2309 motus
1965 2247 2136 2307 istius
2157 2247 2460 2307 inclinatio
2477 2247 2680 2307 futura

475 2349 658 2413 esset,
696 2359 1035 2420 quanquam
1066 2340 1349 2422 deinceps
1379 2342 1599 2423 adepto
1625 2341 1888 2402 victoriae
1917 2340 2126 2403 nuntio
2155 2343 2280 2403 suis
2307 2342 2588 2423 operibus
2615 2342 2680 2402 id

466 2431 793 2498 discrimen
815 2457 1191 2516 comparans,
1212 2443 1231 2472 ⁴
1251 2438 1506 2497 murium
1531 2457 1663 2497 eam
1689 2456 1952 2516 pugnam
1973 2437 2158 2498 fuisse
2172 2437 2189 2462 ⁹
2217 2438 2536 2497 cavillatus
2563 2451 2678 2499 est.

484 2535 579 2594 13.
620 2535 899 2594 Ceterum
932 2534 1220 2612 principia
1258 2533 1385 2612 ejus
1428 2533 1565 2593 belli
1612 2532 1773 2592 haud
1813 2534 2176 2612 improspera
2211 2533 2684 2594 Lacedaemoniis

477 2624 679 2688 fuere.¹
757 2627 943 2688 Juxta
974 2627 1007 2660 ⁶
1038 2627 1411 2706 Corrhagum
1448 2627 1822 2687 Macedoniae
1855 2627 2172 2688 castellnm
2212 2647 2349 2689 cum
2385 2629 2685 2710 Antipatri

476 2723 761 2783 militibus
810 2723 1117 2802 congressi
1174 2723 1422 2782 victores
1463 2721 1816 2782 extiterant:
1861 2732 1926 2781 et
1975 2722 2060 2782 rei
2103 2723 2254 2784 bene
2295 2735 2486 2802 gestae
2520 2724 2686 2786 fama

478 2820 655 2880 etiam
686 2820 789 2899 qui
828 2819 1134 2899 suspensis
1160 2819 1457 2880 mentibus
1484 2816 1780 2877 fortunam
1801 2828 2213 2898 spectaverant
2240 2817 2301 2877 in
2333 2821 2684 2880 societatem

476 2935 681 2976 eorum
712 2916 990 2994 pertracti
1018 2930 1176 2976 sunt.
1266 2919 1359 2976 14.
1404 2915 1540 2974 Una
1559 2935 1636 2975 ex
1663 2914 1846 2974 Eleeis
1875 2914 2232 2996 Achaeisque
2274 2915 2512 2975 urbibus
2545 2915 2683 2976 Pel-

480 3011 613 3072 lene
642 3012 835 3073 foedus
873 3015 1335 3092 aspernabatur:
1366 3023 1428 3072 et
1460 3011 1523 3070 in
1569 3011 1829 3071 Arcadia
1867 3010 2288 3090 Megalopolis,
2331 3011 2454 3070 fida
2483 3010 2687 3072 Mace·

480 3107 737 3167 donibus
778 3109 857 3166 ob
910 3107 1165 3188 Philippi
1208 3110 1570 3182 memoriam,
1615 3129 1653 3168 a
1697 3127 1818 3188 quo
1858 3107 2161 3167 beneficiis
2210 3105 2426 3166 affecta
2467 3106 2682 3167 fuerat.

482 3200 605 3262 Sed
650 3204 781 3260 haec
824 3213 983 3262 arcte
1030 3204 1424 3263 circumsessa
1467 3202 1632 3263 haud
1681 3203 1890 3284 procul
1931 3201 2232 3262 deditione
2291 3203 2516 3271 aberat,
2569 3201 2682 3261 nisi

480 3296 723 3359 tandem
762 3297 1077 3376 Antipater
1118 3297 1513 3358 subvenisset.
1601 3301 1698 3359 15.
1745 3298 1803 3357 Is
1851 3307 2172 3377 postquam
2223 3307 2424 3356 castra
2470 3298 2683 3356 castris

480 3394 756 3466 contulit,
786 3415 967 3474 seque
1008 3411 1251 3453 numero
1278 3393 1530 3454 militnm
1559 3390 1792 3472 alioque
1821 3403 2108 3471 apparatu
2145 3393 2500 3470 superiorem
2539 3409 2686 3451 con-

484 3492 700 3573 spexit,
726 3492 1157 3571 quamprimum
1190 3490 1269 3550 de
1312 3509 1548 3550 summa
1589 3509 1780 3550 rerum
1811 3487 2014 3569 prelio
2040 3486 2400 3548 contendere
2439 3489 2682 3548 statuit:

478 3607 674 3669 neque
698 3587 1137 3648 Lacedaemonii
1156 3587 1562 3648 detrectavere
1590 3595 1906 3647 certamen.
1995 3583 2092 3644 16.
2135 3583 2228 3644 Ita
2245 3582 2568 3645 commissa
2593 3593 2686 3644 est

549 3855 571 3882 e
602 3847 748 3900 Curt.
771 3862 852 3898 iv.
893 3853 938 3899 1.
971 3853 1053 3899 89.
1104 3847 1262 3897 Diod.
1297 3861 1443 3898 xvir.
1463 3851 1547 3897 48.
1629 3850 1679 3897 8.
1699 3850 1782 3895 2⁰.

485 3924 640 3974 Diod.
665 3939 808 3976 xvn.
830 3931 912 3978 62.
1695 3921 1710 3956 ¹
1737 3918 2008 3970 Plutarch·
2025 3917 2278 3984 Agesilao
2295 3919 2512 3982 cap-8⁵.

551 3997 569 4031 ‘
596 4001 737 4052 Just.
771 4014 872 4051 ιιι.
920 4006 964 4052 1.
999 4005 1048 4052 8.
1099 4001 1261 4051 Diod.
1286 4013 1428 4050 xvir.
1464 4001 1548 4048 68.
1691 3997 2003 4047 ’AEscliines
2040 4002 2228 4045 contra
2275 3992 2683 4056 Ctesiphonte..

488 4077 722 4127 Frontin.
746 4091 809 4126 n.
836 4083 909 4129 n.
932 4083 981 4128 Δ.
1625 4071 1880 4136 Polybius
1904 4085 1968 4122 n.
1990 4073 2075 4120 48.

555 4157 581 4193 s
613 4149 825 4206 Curtius
850 4165 951 4200 vu.
971 4156 1022 4201 4.
1043 4155 1127 4200 32.
1688 4147 1707 4192 ³
1729 4148 2012 4198 Pausanias
2032 4144 2124 4195 lib.
2151 4157 2189 4193 1.
2215 4141 2426 4194 curtina
2440 4155 2522 4194 vr.
2545 4145 2680 4196 1.10.

554 4225 579 4258 Ι·
613 4225 819 4276 Arriaa.
856 4239 947 4276 ιιι.
983 4230 1027 4274 1.
1064 4230 1149 4276 22.
1192 4219 1406 4276 'Ari-ian.
1426 4239 1494 4282 11,
1509 4237 1551 4273 ι.
