2858 4782
481 333 612 398 121
1269 348 1326 396 s.
1373 347 1875 398 snsmsnsuu

479 511 586 573 per
605 493 762 552 latus
791 489 1002 550 adacto
1027 489 1370 550 confossum
1399 487 1712 550 amiserit.»
1764 491 1867 550 21.
1900 490 2133 559 Quibus
2154 492 2329 552 rebus
2350 490 2673 552 vehemen-

481 601 570 650 ter
617 589 898 657 irritatus,
941 586 1208 665 equitatu
1253 584 1426 645 simul
1476 595 1537 644 et
1573 584 1870 666 phalange
1915 585 2310 646 circumdatos
2352 586 2667 647 occidione

480 683 735 750 occidit:
779 681 1039 759 exceptis
1093 679 1325 740 duobus
1369 679 1491 739 fere
1533 678 1812 752 millibus,
1862 681 1965 758 qui
2010 681 2067 739 in
2096 681 2461 742 deditionem
2488 701 2672 742 vene-

481 790 638 840 runt.
719 780 820 836 22.
863 777 930 836 In
979 776 1316 835 universum
1363 793 1526 836 caesa
1576 787 1717 836 sunt
1764 795 1838 836 ex
1866 776 2133 836 hostibus
2160 778 2365 857 viginti
2394 775 2669 857 peditum

481 873 683 947 millia,
711 873 832 934 duo
862 873 1162 951 equitum:
1202 882 1512 950 captorum
1538 891 1645 950 par
1678 873 1854 933 ferme
1896 891 2175 932 numerus
2218 873 2348 933 fuit.
2436 873 2528 930 Ex
2556 871 2675 931 du-

479 969 648 1032 cibus
679 971 958 1030 Memnon
997 965 1224 1047 effugit,
1264 986 1398 1026 curn
1429 969 1677 1040 Arsace,
1704 966 2087 1027 Rheomithre
2113 979 2175 1028 et
2198 969 2443 1047 Atizyez
2486 969 2677 1028 ceteri

477 1065 744 1127 honestis
773 1063 1110 1125 vulneribus
1156 1065 1578 1124 occubuerunt.
1661 1063 1907 1136 Arsites,
1950 1081 2087 1122 cum
2134 1063 2193 1122 in
2237 1063 2559 1142 Phrygiam
2602 1081 2675 1121 se

475 1161 820 1238 recepisset,
857 1157 1082 1237 pudore
1127 1168 1190 1218 et
1229 1158 1591 1237 poenitentia,
1647 1157 2027 1238 quodohujus
2076 1159 2266 1219 cladis
2312 1177 2496 1219 causa
2544 1177 2673 1217 non

477 1254 766 1314 immerito
810 1255 1141 1325 haberetur,
1169 1255 1298 1312 -sibi
1345 1273 1554 1315 manus
1598 1254 1842 1313 intulit.‘¹
1926 1257 2026 1314 23.
2069 1253 2408 1315 Alexander
2438 1273 2675 1333 paucos

478 1349 736 1428 quidem,
763 1348 870 1408 sed
898 1348 1319 1428 promtissimos
1355 1367 1428 1408 eo
1465 1347 1669 1429 proelio
1715 1348 2011 1428 perdidit:
2054 1351 2298 1431 triginta
2341 1350 2675 1410 admodum

477 1444 729 1522 pedites,
758 1445 1136 1522 septuaginta
1155 1446 1417 1525 quinque
1444 1445 1677 1524 equites
1704 1444 2084 1506 ceciderant.⁸
2163 1446 2350 1523 Igitur
2372 1455 2445 1505 ut
2462 1455 2673 1506 osten-

476 1540 665 1613 deret,
687 1542 960 1602 omnibus
1005 1542 1068 1601 in
1109 1555 1359 1622 utraque
1399 1543 1639 1603 fortuna
1675 1542 1834 1620 apud
1866 1562 1932 1603 se
1961 1542 2159 1602 virtuti
2188 1543 2489 1623 praemium
2518 1543 2676 1614 sore,

479 1637 824 1717 superstites
872 1638 1184 1699 Persarum
1235 1638 1439 1717 spoliis
1467 1638 1657 1698 ditat:
1698 1639 2024 1698 occisorum
2050 1657 2299 1718 corpora
2324 1657 2463 1697 cum
2490 1639 2675 1699 armis

477 1743 788 1811 ceteroque
841 1735 1004 1794 cultu
1051 1735 1366 1813 magnifice
1410 1735 1659 1813 sepelit:
1706 1734 2052 1814 parentibus
2092 1751 2294 1794 eorum
2349 1731 2673 1811 liberisque

476 1829 844 1888 vacationem
863 1847 1167 1888 munerum
1187 1829 1463 1889 concedit
1482 1835 1535 1889 :¹
1556 1833 1657 1890 24.
1676 1829 2109 1890 vulneratorum
2124 1831 2303 1890 etiam
2322 1847 2471 1889 cura
2484 1829 2675 1888 ambi·

476 1921 627 1981 tiose
655 1933 789 1982 acta
817 1933 946 1990 est:
989 1942 1126 1982 cum
1171 1925 1298 2002 ipse
1340 1943 1445 1984 rex
1473 1924 1747 1985 obeundo
1777 1926 2027 1986 tentoria
2052 1937 2114 1985 et
2142 1923 2515 2004 inspiciendo
2546 1925 2674 1983 sin-

421 2041 429 2048 *
480 2016 652 2095 gulos
675 2017 692 2047 ⁸
731 2016 1158 2082 solicitudinem
1187 2037 1356 2078 suum
1385 2037 1493 2098 pro
1514 2019 1803 2098 gregariis
1820 2021 1997 2081 etium
2016 2021 2296 2081 militibus
2317 2030 2675 2091 ostentaret,

479 2131 551 2172 ac
579 2131 811 2191 gravem
839 2113 1126 2191 cujusque
1151 2131 1352 2172 casum
1385 2115 1787 2174 munificentia
1814 2115 2207 2196 laudibusque
2228 2125 2335 2175 aut
2358 2115 2677 2192 promissis

479 2207 784 2268 solaretur.
843 2211 944 2269 25.
976 2208 1128 2276 Quae
1169 2208 1418 2268 comitas
1446 2209 1508 2266 in
1537 2209 1736 2268 omnia
1761 2208 2041 2290 deinceps
2068 2209 2328 2290 pericula
2350 2208 2676 2268 fidissimos

475 2303 530 2362 ei
553 2305 863 2382 praestitit:
905 2325 1018 2365 nec
1039 2305 1351 2384 quisquam
1379 2305 1673 2365 recusavit
1711 2305 1975 2383 spiritum
2016 2324 2124 2384 pro
2158 2325 2231 2366 eo
2258 2323 2397 2382 rege
2422 2304 2677 2382 profun-

477 2398 638 2471 dere,
665 2402 766 2480 qui
787 2420 980 2480 neque
1006 2402 1185 2460 vitam
1215 2419 1457 2460 suorum
1480 2400 1736 2478 inopem,
1764 2419 1955 2479 neque
1981 2410 2227 2459 mortem
2254 2400 2675 2461 inhonoratam

475 2503 791 2571 pateretur.
877 2498 976 2556 26.
1041 2496 1298 2575 Insignis
1341 2516 1467 2576 prae
1512 2496 1725 2555 ceteris
1770 2496 1961 2555 bonor
2008 2494 2119 2556 fuit
2158 2494 2365 2574 viginti
2404 2496 2675 2574 quinque

477 2588 738 2666 equitum
787 2608 862 2649 ex
911 2598 1102 2648 turma
1143 2589 1502 2657 amicorum;
1546 2609 1695 2668 quos
1744 2591 1931 2669 primo
1980 2592 2179 2649 statim
2224 2608 2551 2669 congressu
2594 2610 2677 2651 ex

476 2682 676 2762 iniquo
706 2682 838 2744 loco
859 2693 1194 2763 pugnantes
1215 2685 1531 2745 multitudo
1552 2685 1863 2745 Persarum
1886 2696 2279 2767 oppresserat.
2360 2690 2467 2744 2⁷.
2508 2687 2675 2747 Nam

477 2779 756 2858 Lysippo,
776 2800 812 2839 a
829 2799 950 2858 quo
967 2800 1110 2853 nno,
1127 2790 1365 2860 propter
1388 2780 1642 2840 hominis
1670 2781 1959 2860 peritiam,
1982 2782 2041 2840 in
2060 2800 2181 2841 oere
2204 2781 2345 2859 fingi
2374 2780 2675 2854 voluerat,

483 2877 812 2955 imperavit,
839 2888 908 2936 ut
953 2888 1258 2957 equestres
1305 2878 1451 2957 ipsis
1500 2886 1729 2937 statuas
1776 2877 2071 2937 facet-et:-
2112 2896 2261 2955 quas
2302 2876 2462 2956 apud
2508 2876 2671 2939 Dion

483 2970 859 3034 Macedonia
885 2972 1170 3051 oppidum
1196 2973 1519 3035 collocatas
1546 2984 1685 3053 post
1710 2974 1949 3052 longam
1976 2982 2213 3033 estatem
2260 2972 2483 3034 abolito
2530 2974 2675 3035 Ma-

479 3063 769 3125 cedonum
819 3083 1027 3143 regno,
1073 3066 1149 3133 Q.
1201 3068 1480 3127 Metellus
1537 3069 1787 3128 Romam
1837 3068 2181 3130 transtulit.v
2260 3071 2360 3127 28.
2402 3068 2679 3131 Pri-um

477 3158 649 3237 hujus
695 3160 954 3218 victorioe
991 3160 1177 3220 decus
1203 3180 1390 3240 penes
1421 3162 1617 3240 ipsum
1644 3182 1843 3241 regem
1870 3164 1981 3224 fuit
2002 3184 2018 3224 ε
2042 3177 2069 3203 ¹
2110 3164 2297 3224 eciem
2326 3163 2549 3243 optime
2578 3165 2677 3223 in-

480 3264 794 3325 struxerat,
839 3244 1264 3331 observataque
1294 3254 1408 3315 loci
1436 3267 1667 3327 natura,
1703 3257 1971 3336 obliquos
1990 3266 2013 3301 ³
2050 3279 2157 3338 per
2177 3259 2393 3319 flumen
2422 3259 2675 3319 ordines

480 3348 755 3421 duxerat,
779 3368 854 3407 ne
881 3350 1078 3409 statim
1107 3368 1242 3409 cum
1269 3370 1342 3411 cx
1369 3369 1528 3429 equa
1552 3353 1901 3425 evasissent,
1932 3372 1967 3413 a
1997 3353 2197 3415 Persis
2226 3354 2671 3416 invaderentur.

477 3446 769 3506 Turbatos
795 3443 1032 3519 deinde,
1061 3444 1412 3528 territosque
1438 3447 1734 3518 excitavit,
1759 3448 2074 3519 hortatus,⁸
2114 3457 2133 3483 ⁴
2162 3460 2232 3508 ut
2256 3449 2469 3509 saltem
2482 3451 2675 3511 semel

477 3540 674 3603 adbuc
701 3552 942 3601 strenuo
961 3542 1327 3601 adorirentur
1355 3542 1603 3602 hostes!
1684 3544 1784 3603 29.
1830 3543 2037 3621 Neque
2064 3544 2258 3603 minus
2287 3562 2470 3603 manu
2496 3544 2675 3603 forti-

537 3710 566 3744 Ρ
600 3703 743 3754 Plut.
770 3701 919 3754 Alex.
938 3702 973 3751 1.
993 3702 1028 3753 Ι.
1679 3709 1702 3734 ⁹
1735 3702 1920 3752 Vellei.
1962 3703 2173 3754 Paterc-
2218 3717 2259 3752 ι.
2306 3706 2387 3754 11.
2426 3707 2479 3753 4.
2520 3702 2671 3757 Plin.

539 3786 564 3820 ἢ
599 3778 804 3828 Ari-iun.
824 3779 860 3827 l.
885 3780 920 3827 l.
1608 3778 1751 3829 nist.
1771 3778 1895 3829 Nat.
1920 3790 2059 3830 xxx.
2083 3784 2133 3830 8.

539 3856 562 3883 “’
593 3852 676 3905 ld.
699 3852 734 3903 1.
757 3854 792 3902 Ι.
821 3853 966 3902 Plnt.
1003 3852 1157 3906 Alex.
1193 3868 1242 3919 p.
1265 3856 1378 3903 678.
1409 3852 1531 3904 Jus·
1672 3862 1699 3888 ²
1733 3854 1887 3907 Diod.
1906 3854 2011 3907 Sic.
2045 3868 2188 3907 xvrr.
2208 3870 2262 3920 p.
2286 3858 2401 3905 678.
2432 3854 2676 3919 Polyan-

479 3928 572 3979 tin.
592 3939 670 3979 xr-
691 3933 740 3979 6.
764 3933 846 3979 12.
1464 3922 1485 3945 ⁸
1612 3944 1688 3980 w.
1714 3933 1763 3980 8.

542 4011 563 4036 ⁸
597 4002 798 4053 Arrian-
816 4004 855 4055 1.
877 4006 911 4053 Ι.
1670 4016 1694 4050 1
1732 4005 1935 4056 Arrisn.
1958 4020 1999 4057 ι.
2024 4011 2105 4057 15.

542 4078 560 4111 ²
590 4077 671 4127 Id.
694 4078 728 4126 Ι.
749 4079 786 4127 1.
1668 4092 1689 4117 ¹
1723 4083 2012 4148 Poly-tund.
2032 4085 2066 4135 l.

543 4160 566 4187 ¹¹
599 4150 680 4203 ld.
702 4152 792 4202 1.1.
827 4151 1023 4201 plut-l.
1049 4154 1083 4200 Ι.
