2858 4782
450 261 496 326 6
1325 279 1765 329 ιἰιοσειιιιυιι.

453 421 792 498 notantur,
823 419 940 484 ubi
969 417 1180 486 Curtii
1203 417 1559 502 Tacitique
1606 427 1677 484 et
1718 420 2063 486 sementim
2116 429 2190 486 et
2210 447 2213 450 ⁴
2231 423 2437 489 verba
2478 426 2639 490 sunt

453 519 852 589 simillima.-
903 520 1128 586 Instar
1177 519 1475 584 omnium
1522 521 1656 585 sint
1709 519 1848 586 duo
1906 522 2187 589 Senecae
2238 525 2398 603 loci,
2450 526 2640 610 apud

453 639 651 704 quem
681 620 898 704 Epist.
919 622 1028 686 66.
1057 620 1164 686 16.
1190 619 1473 702 legitur:
1515 626 1538 656 ‘
1560 620 1753 688 Nihil
1787 627 1925 688 tam
1964 628 2212 688 certum
2260 629 2388 704 est,
2428 643 2637 708 quam

450 722 568 787 otii
587 722 760 791 ‚vitia
780 722 1056 806 negotio
1080 719 1365 794 discuti?
1432 720 1657 804 Apud
1685 720 1984 791 Curtium
2016 739 2144 787 vu.
2174 724 2236 788 1.
2264 727 2331 788 4.
2416 725 2641 792 Alex-

451 820 654 888 ander
685 827 707 856 ‘
731 823 918 896 satis-
941 819 1255 905 pardem,
1284 820 1408 886 otii
1454 821 1623 888 vitia
1659 823 1938 904 negotio
1968 823 2263 904 discuti:
2290 827 2412 890 διο.
2495 824 2639 910 Ap.

449 923 684 990 Senec.
717 923 846 1007 Ep.
875 923 985 999 59.
1011 921 1122 990 18.
1151 926 1174 956 ‘
1195 927 1426 1006 gentes
1455 941 1537 988 ne
1562 923 1860 994 finitimis
1886 924 2157 1008 quidem
2185 927 2355 992 satis
2384 932 2579 996 notas
2596 927 2645 1005 ς’

448 1042 562 1107 ap.
611 1020 800 1089 Curt.
849 1041 977 1091 vu.
1020 1024 1088 1090 3.
1123 1027 1189 1088 5.
1238 1026 1575 1091 nationem
1622 1043 1708 1088 ne
1759 1025 2100 1092 ‘finitimis
2146 1027 2415 1110 quidem
2464 1026 2639 1092 satis

446 1123 719 1202 notam,’
739 1129 858 1190 διο.
934 1124 1390 1190 Freinshemio
1417 1131 1697 1209 uterque
1739 1145 1783 1190 a
1815 1126 2015 1192 tertio
2044 1127 2271 1208 aliquo
2300 1134 2642 1193 mutuatus

447 1224 748 1306 ,videm-3
791 1225 916 1290 sed
963 1227 1026 1290 si
1071 1227 1339 1296 aliunde
1375 1246 1649 1312 quoque
1699 1227 1974 1310 probari
2020 1227 2285 1311 poterit,
2332 1226 2643 1294 Curtium

449 1324 828 1407 posterioris
855 1327 988 1392 aevi
1015 1326 1255 1405 fuisse,
1279 1328 1412 1396 illa.
1434 1347 1521 1394 ex
1572 1327 1827 1396 Seneca
1867 1327 2213 1410 depromta
2250 1347 2403 1394 esse
2430 1325 2641 1398 facile

451 1423 803 1500 concedes·
891 1426 1164 1492 Curtius
1219 1443 1332 1492 lx.
1387 1429 1457 1494 6.
1503 1428 1616 1495 1¹7.
1676 1429 1889 1494 utitur
1932 1430 2138 1494 verbo
2202 1433 2225 1464 ‘
2242 1429 2643 1512 piissimus:

449 1526 629 1609 quod
654 1528 912 1608 nullum
937 1547 1091 1600 esse
1115 1529 1188 1594 in
1219 1529 1465 1599 Latina
1484 1530 1712 1614 ling-na
1732 1529 1973 1597 Cicero
2004 1529 2317 1614 Philipp.
2333 1544 2509 1594 xm.
2530 1532 2639 1596 19.
2740 1593 2751 1606 ,

451 1633 684 1694 auctor
707 1635 830 1694 est.
913 1629 963 1696 J
965 1649 1074 1704 am
1102 1649 1264 1696 vero
1297 1631 1595 1715 scriptor.
1628 1630 1873 1697 Tacito
1912 1637 1984 1695 et
2010 1629 2271 1696 Seneca
2299 1630 2643 1715 antiquior

449 1746 584 1792 non
607 1730 947 1811 reperitur,
977 1731 1094 1814 qui
1116 1731 1234 1799 illo
1265 1733 1468 1796 verbo
1496 1737 1741 1802 utatur.
1831 1730 2275 1815 Frequentius
2302 1737 2411 1797 est
2451 1731 2669 1815 apud.

367 1902 374 1908 ,
451 1827 851 1912 Ausonium.
936 1827 1104 1896 Vox
1150 1831 1555 1915 ‘sagittandi
1573 1831 1591 1858 ’
1637 1848 1771 1899 vn.
1820 1835 1889 1898 5.
1941 1833 2051 1900 42.
2105 1834 2177 1898 in
2228 1832 2641 1915 antiquiore,

449 1949 650 2015 quam
676 1929 982 2008 Justinus
1023 1937 1152 2011 est,
1189 1952 1324 2002 non
1366 1933 1626 2017 legitur.
1714 1931 2001 2011 Quintil.
2034 1931 2203 1998 Inst.
2238 1933 2547 1998 Orat.-x.
2571 1933 2639 1997 l.
2701 1941 2711 1948 ”

451 2050 836 2116 quanquam
880 2032 1031 2117 ipse
1075 2034 1316 2101 fatetur
1360 2034 1585 2118 plures
1626 2034 1949 2116 legendos
1992 2053 2173 2112 esse,
2224 2050 2426 2118 quam
2472 2051 2517 2097 a
2560 2051 2643 2101 se

450 2133 897 2210 nominentur,
926 2133 1231 2202 Curtium
1273 2141 1515 2213 tamen,
1556 2133 1617 2200 si
1666 2133 2003 2218 antiquior
2043 2139 2247 2211 esset,
2274 2133 2448 2197 inter
2489 2151 2637 2210 eos,

450 2251 734 2316 quorum
790 2235 1082 2310 lectione
1130 2235 1433 2322 ⁸invenes
1469 2235 1739 2302 dicendi
1796 2235 2187 2300 facultatem
2242 2233 2638 2300 confirmare

421 2341 750 2418 -possent,
779 2336 902 2402 vix
943 2338 1286 2422 potuisset
1327 2342 1569 2403 tacere.
1654 2335 1862 2419 Apud
1908 2336 2211 2404 Curtium
2254 2351 2351 2399 νι.
2390 2335 2636 2401 11.18.

451 2430 759 2502 Philotas
781 2437 984 2503 duces
1002 2437 1398 2518 Alexandri,
1413 2440 1659 2523 quibus
1678 2458 1908 2503 coram
1924 2438 2371 2522 torquebatur,
2395 2437 2639 2503 ‘finem

453 2537 811 2620 quaestioni
838 2537 1007 2617 fore,
1033 2559 1155 2624 per
1195 2538 1564 2605 Alexandri
1604 2538 1935 2605 salutem·
1904 2558 2136 2623 jurare
2152 2536 2407 2623 'jubet.
2496 2536 2641 2603 Ubi

453 2636 768 2715 Raderus
793 2641 1090 2707 notavit.
1134 2660 1256 2725 per
1282 2641 1545 2724 genium
1586 2660 1708 2706 seu
1750 2638 1934 2725 τύχην
1968 2640 2148 2723 regis
2186 2645 2306 2703 aut
2342 2637 2643 2705 Caesaris

441 2738 762 2821 jurabant
798 2747 1062 2808 veteres
1099 2740 1370 2826 pagani,
1413 2760 1536 2824 per
1580 2741 1862 2807 salutem
1896 2739 2232 2823 Principis
2260 2737 2642 2814 Christiani,

451 2850 528 2906 ut
557 2840 764 2907 docet
788 2841 1058 2910 Tertull.
1081 2840 1445 2926 Apologet.
1473 2860 1537 2905 c.
1562 2841 1673 2907 32.
1737 2845 1759 2874 ‘
1778 2840 2116 2917 luminas,
2144 2839 2326 2908 sicut
2353 2856 2487 2911 non
2516 2856 2644 2919 per

451 2942 718 3025 genium
740 2939 1111 3019 Gaesamm,
1129 2942 1240 3006 ‚ita
1273 2960 1390 3023 per
1429 2942 1717 3006 salutem
1758 2958 2011 3015 eorum,
2052 2957 2209 3022 quse
2246 2946 2353 3003 est
2396 2955 2643 3019 augus-

454 3043 589 3107 tior
608 3040 919 3112 omnibns
947 3038 1193 3123 geniis?
1263 3039 1511 3105 Arcad.
1538 3047 1607 3104 et
1633 3039 2002 3105 Honorius.
2032 3039 2081 3103 l.
2115 3054 2277 3102 xm.
2342 3035 2515 3101 Cod.
2548 3038 2643 3103 de

453 3142 808 3223 Transact.
874 3149 897 3181 ‘
921 3140 1062 3221 Qui
1087 3142 1354 3208 nomina
1379 3146 1611 3207 nostra
1635 3141 1909 3225 placitis
1936 3142 2328 3216 inserentes,
2350 3138 2643 3203 salutem

455 3244 845 3328 Principum
889 3243 1459 3312 confirmationem
1515 3244 1827 3313 initurum
1860 3242 2236 3327 juraverint
2276 3258 2428 3305 esse
2478 3258 2645 3323 pac-

454 3345 760 3426 tionum,’
785 3350 905 3413 &c-
992 3345 1036 3410 J
1043 3365 1154 3411 am
1198 3346 1505 3429 suspicio
1552 3345 1871 3422 exoritur,
1905 3343 2125 3427 quarti
2164 3342 2401 3407 saeculi
2426 3340 2643 3407 fuisse

453 3448 778 3526 Curtium,
805 3456 876 3537 et
917 3448 1208 3513 sortasse
1256 3446 1730 3516 Christianum.
1826 3446 1975 3511 Nec
2014 3444 2163 3511 sine
2208 3461 2445 3521 causa,
2474 3442 2539 3507 si
2570 3449 2643 3509 et

454 3550 602 3615 h-aec
659 3549 1210 3621 consideraveris.
1321 3548 1513 3614 Nulli
1584 3546 1969 3632 imperatori
2036 3544 2443 3628 superstitio,
2498 3561 2643 3626 qua

431 3650 748 3716 maxime
777 3649 1128 3715 multitudo
1157 3650 1420 3731 regitur,
1446 3648 1839 3731 negligenda
1868 3654 2009 3726 est;
2034 3665 2191 3729 ergo
2216 3650 2285 3710 et
2304 3645 2389 3709 ab
2420 3643 2642 3709 Alex-

457 3750 710 3817 andro
690 3771 764 3816 ιιι
773 3751 1031 3834 quavis
1073 3768 1146 3815 re
1190 3749 1302 3815 vel
1341 3768 1589 3831 magna
1614 3748 1727 3813 vel
1764 3746 1970 3811 dubia
1998 3752 2188 3811 vates
2214 3744 2641 3827 haruspices-

455 3870 589 3937 que
637 3852 1193 3932 consulebantur,
1235 3868 1362 3915 nec
1406 3840 1769 3933 quicquam
1818 3846 2155 3912 solennius
2198 3849 2341 3909 erat
2386 3844 2457 3909 in
2496 3843 2640 3911 Re-

453 3952 726 4038 publica
754 3950 1068 4017 Romana
1109 3959 1182 4016 et
1233 3953 1358 4017 sub
1385 3951 1615 4035 primis
1657 3946 2205 4033 Imperatoribus.
2292 3943 2637 4023 Quantum

458 4073 624 4120 vero
683 4051 956 4119 Curtius
1005 4050 1464 4117 Alexandrum
1520 4050 1891 4134 indignatur
1941 4054 2137 4114 vates
2192 4044 2643 4127 consuluisse,
