2858 4782
210 476 283 541 in
314 476 713 563 Hyrcanum
736 485 810 543 et
841 479 1197 543 Ponticum
1226 479 1564 547 decidunt.
1617 482 1727 546 22.
1753 497 1946 547 xvu.
1978 480 2238 548 dierum
2261 502 2415 569 spa-

208 580 313 642 tio
339 577 719 643 Caucasum
750 579 1095 661 superavit
1118 582 1475 646 exercitus·
1563 580 1798 664 Rupes
1817 592 1846 619 V
1875 584 1944 648 in
1975 590 2062 648 eo
2091 602 2168 651 x.
2195 584 2264 647 iu
2288 587 2414 649 cir-

210 680 401 744 cuitu
429 678 645 745 stadia
688 679 1181 763 complectitur,
1230 688 1516 765 quatuor
1561 683 1630 746 in
1671 683 2091 749 altitudinem
2119 685 2411 760 excedit,

208 779 283 841 in
312 800 455 862 qna
480 785 501 818 ‘
520 782 818 846 vinctum
851 779 1249 847 Promethea
1270 790 1311 817 '
1336 784 1552 848 fuisse
1575 783 1594 809 ⁹
1623 785 1992 868 antiquitas
2023 785 2244 849 tradit.
2303 786 2410 849 23.

212 879 602 945 Condendae
647 881 716 945 in
764 882 1109 946 radicibus
1156 887 1403 950 montis
1450 884 1599 949 urbi
1629 886 1828 950 sedes
1857 886 2074 950 electa
2097 892 2228 950 est.
2278 899 2410 949 vn.

208 980 515 1045 millibus
546 982 873 1046 seniorum
907 983 1359 1048 Macedonum
1406 992 1480 1049 et
1519 993 1846 1067 praeterea
1873 984 2215 1063 militibus,
2246 1005 2414 1069 quo-

208 1100 357 1145 rum
388 1098 601 1164 opera
629 1081 729 1146 ut'i
756 1079 1065 1157 desisset,
1114 1086 1536 1166 permissum,
1588 1085 1658 1147 in
1705 1104 1948 1150 novam
1993 1086 2224 1151 urbem
2251 1105 2413 1150 con-

209 1181 450 1246 sidere.
558 1182 761 1247 Hanc
811 1201 1085 1267 quoque
1146 1182 1670 1251 ‘Alexandriam
1692 1187 1711 1212 ’
1733 1194 1760 1221 ¹
1812 1186 2056 1252 incolae
2107 1186 2413 1270 appella·-

214 1288 470 1346 verunt.

300 1398 401 1445 ιν.
422 1402 429 1407 ·
449 1383 509 1446 1.
538 1380 637 1449 At
664 1384 944 1461 BessuS,
976 1381 1355 1448 Alexandri
1384 1384 1724 1451 celeritate
1741 1394 1768 1422 ⁸
1804 1387 2217 1469 perterritus,
2258 1384 2408 1451 Diis

778 338 895 385 ot..
938 336 1127 388 oxu.
1168 321 1238 389 3.
1314 339 1388 387 A.
1433 338 1555 387 cn.
1602 340 1677 390 n.
1719 326 1871 393 829.

1119 1546 1179 1566 00

208 1649 331 1707 post
359 1642 603 1707 Caspium.
670 1641 816 1692 Leid-
839 1644 989 1693 Voss.
1012 1649 1061 1693 1.
1085 1649 1142 1694 et
1162 1644 1330 1708 Bong.
1373 1644 1686 1710 Hyrcanium.
1751 1646 1901 1695 Voss.
1920 1649 1972 1696 2.
1993 1660 2050 1694 ac
2077 1644 2411 1697 Ponticum.—

206 1710 275 1756 82
306 1706 461 1755 Voss.
486 1712 533 1757 1.
558 1706 839 1761 Quindecim
857 1708 1057 1757 dierum.
1124 1709 1257 1757 Mer.
1284 1710 1445 1772 Rupes
1463 1710 1516 1759 in
1533 1725 1588 1759 eo
1611 1708 1682 1759 X.
1699 1708 1967 1759 eimnam.
2034 1708 2182 1757 Voss.
2201 1714 2253 1759 2.
2273 1710 2411 1759 inal-

211 1770 459 1827 titudine,-
513 1769 657 1821 Pith.
696 1772 751 1819 in
780 1770 1079 1821 ‹altitudinens
1112 1772 1341 1835 procedit.
1408 1774 1642 1823 Florent.
1681 1772 1827 1823 Leid.
1857 1773 2012 1823 Voss.
2051 1776 2096 1821 1·
2119 1776 2169 1821 2.
2193 1774 2333 1823 Dsn·
2356 1780 2414 1823 et

206 1833 331 1882 Pal.
356 1837 403 1882 1.
426 1834 481 1882 in
500 1848 606 1896 quo.
673 1836 830 1883 Voss.
862 1838 912 1882 2.
953 1835 1382 1885 Promotum-2³
1417 1836 1573 1886 Voss.
1603 1843 1650 1887 1.
1681 1840 1732 1887 2,
1757 1844 1810 1885 et
1833 1836 1970 1885 Mer.
1995 1836 2247 1885 omittunt
2266 1838 2414 1885 milli·

208 1898 314 1959 bns,
336 1910 433 1960 pro
456 1911 556 1959 quo
582 1897 769 1947 Fsuch.
794 1896 1015 1957 milibun
1066 1898 1189 1948 Ald.
1210 1899 1381 1949 suillis.
1449 1900 1590 1949 Pith.
1626 1914 1867 1951 senonum
1902 1900 2234 1960 Macedonum,
2271 1900 2408 1964 quod

208 1973 389 2009 verum
410 1967 563 2023 putat
586 1960 981 2010 Freinshemius.
1046 1963 1201 2012 Voss.
1222 1968 1271 2013 2.
1295 1964 1372 2012 sti
1390 1964 1615 2014 dedisset.
1682 1965 1831 2013 Voss.
1849 1968 1895 2014 1.
1912 1963 2281 2013 Amanum-s.

1197 2091 1249 2141 N
1253 2091 1417 2143 0¹1·AE

202 2182 476 2234 confudit:
534 2184 677 2248 cujus
725 2185 916 2234 erroris
954 2199 1019 2235 cs
1058 2185 1267 2235 videtur
1343 2188 1424 2237 his
1459 2189 1571 2238 veri
1605 2188 1787 2247 subsit,
1817 2186 2084 2236 docebunt
2115 2184 2406 2235 Servius-in

204 2261 351 2323 origo
372 2260 627 2321 extitisse,
649 2260 788 2325 quod
820 2259 1026 2313 unicum
1049 2275 1115 2310 ex
1138 2260 1265 2311 duo·
1343 2262 1491 2326 virg.
1521 2264 1700 2325 Eclog.
1727 2276 1808 2311 vr.
1867 2260 2067 2310 Natalis
2100 2261 2286 2310 Comes
2319 2260 2409 2312 lib.

202 2335 299 2385 bns
324 2337 627 2399 Caucasum,
649 2351 805 2386 unum
828 2350 1033 2402 quoque
1055 2350 1121 2385 ex
1139 2335 1265 2385 duo·
1344 2350 1425 2387 ιν.
1442 2352 1557 2401 cap.
1574 2342 1624 2386 6.
1649 2336 1911 2400 Goropius
1929 2336 2164 2385 Bet-anns
2183 2336 2232 2383 in
2253 2334 2413 2385 ludo-

202 2413 299 2462 bus
333 2413 547 2462 Tanaim
580 2411 797 2462 fecerit:
837 2424 995 2476 quare
1026 2418 1145 2461 cum
1178 2411 1263 2460 alii
1340 2413 1636 2478 Scythici„
1675 2415 1763 2480 qui
1789 2415 1880 2462 ltss
1910 2412 1972 2461 sd
2010 2410 2245 2461 Indicum
2271 2412 2406 2462 Cau-

202 2488 414 2552 Csspio,
438 2487 525 2537 slii
549 2487 769 2538 Pontico
790 2486 925 2536 Mari
948 2483 1149 2535 misceri
1164 2487 1263 2534 Ta·
1346 2502 1521 2538 casum
1561 2487 1742 2544 refert,
1777 2503 1894 2538 cnm
1933 2485 2118 2551 reliqui
2145 2485 2310 2538 ferme
2339 2489 2408 2538 dc

206 2565 368 2625 usim,
395 2578 491 2628 per
514 2563 747 2612 Maeotim
783 2561 1048 2620 videlicet,
1070 2561 1264 2610 scribe-

204 2648 357 2701 rent3
389 2651 710 2703 consequens
733 2645 851 2687 erat
888 2645 947 2687 ut
984 2650 1049 2684 cx
1066 2635 1263 2700 duplici

200 2731 407 2780 quoqne
432 2715 556 2764 mari
581 2713 784 2763 unicum
807 2711 1055 2762 efficeret.
1111 2711 1262 2761 Quod

200 2805 297 2852 ego
322 2789 387 2838 de
409 2789 581 2838 Curtii
604 2793 778 2837 mente
810 2785 1137 2835 verisimilius
1158 2784 1264 2834 dici

199 2873 347 2932 puto,
366 2866 409 2914 si
432 2870 641 2914 constat
661 2863 771 2926 ipse
790 2863 904 2924 sibl,
927 2876 1097 2925 quam,
1122 2860 1260 2926 quod

199 2941 289 2990 alii
305 2947 509 3003 putant,
525 2938 767 3000 Caspium
786 2936 851 2985 ab
875 2936 962 2985 illo
980 2942 1036 2984 et
1058 2935 1261 3000 Hyrca·

198 3031 323 3066 num
343 3017 547 3080 penitus
564 3011 831 3072 distingui,
852 3017 912 3059 ut
934 3012 1046 3074 ipse
1062 3011 1267 3074 quibus·

201 3095 321 3142 dnm
345 3093 509 3140 visum
546 3103 660 3138 esse
686 3087 893 3135 dixerat
927 3086 1013 3136 lib.
1038 3100 1113 3136 vr.
1146 3101 1263 3150 cap.

199 3174 251 3218 Δ.
298 3167 377 3216 lbi
400 3167 537 3216 enim
558 3165 685 3214 satis
710 3169 891 3228 aperte
912 3163 1102 3211 sentire
1126 3162 1264 3211 vide-

198 3253 285 3293 tur
308 3243 513 3291 unicum
536 3255 671 3290 esse.

262 3328 285 3352 v
324 3317 510 3382 Rupes]
535 3317 620 3365 De
645 3329 775 3378 rupe
798 3327 1003 3378 quoque
1022 3311 1130 3373 ills,
1150 3311 1262 3362 sive

204 3395 379 3458 potius
400 3393 467 3442 de
484 3405 645 3454 specu
668 3390 806 3437 intra
824 3402 1004 3450 rupem
1027 3386 1264 3437 meminit

201 3469 341 3533 apud
362 3467 636 3518 Arrisnum
662 3465 1027 3514 Eratosthenes
1050 3471 1105 3512 et
1122 3478 1263 3513 com-

200 3552 431 3593 mentum
456 3541 656 3591 irridet.
711 3539 887 3589 Decem
906 3537 1087 3600 stadia]
1112 3537 1262 3586 Mille

196 3623 449 3670 ducentos
472 3617 849 3682 qninquaginta
872 3627 1066 3677 passus.
1127 3615 1260 3670 Quc-

202 3693 336 3758 tuor]
370 3694 694 3756 Quingentos
732 3703 927 3754 passus.
992 3689 1079 3738 De
1118 3703 1261 3738 mon-

200 3771 327 3820 tium
352 3768 627 3819 altitudine
648 3766 807 3813 docte
841 3763 1055 3827 fuseque
1089 3763 1263 3826 dispu-

200 3854 281 3898 tat
300 3845 516 3895 Vossius
538 3845 592 3893 in
614 3843 807 3891 Melam
832 3841 921 3890 lib.
946 3853 1009 3889 ιι.
1032 3855 1149 3902 cap.
1171 3843 1220 3888 2.

263 3927 298 3956 ¹¹
335 3919 637 3982 Promethea]
683 3917 1049 3968 Prometheum
1085 3915 1263 3965 Graeci

202 3999 403 4048 faciunt
415 3995 593 4057 Japeti
616 3993 798 4055 filium,
820 3991 1155 4041 Deucalionis
1176 4005 1263 4053 ps-

199 4083 331 4124 trem
350 4091 362 4123 =
389 4074 535 4136 cujus
552 4071 619 4120 dc
638 4069 851 4118 erimine
870 4081 932 4116 ac
951 4078 1103 4128 poena
1120 4073 1259 4116 notre

200 4157 317 4200 suut
340 4149 643 4198 Graecorum
664 4143 868 4194 fsbulae.
925 4141 1063 4194 Quid
1087 4148 1259 4190 autem

1345 2565 1598 2626 Scythico
1621 2564 1934 2627 intelligunt.

1409 2647 1440 2673 ¹
1467 2639 1839 2704 Alexandriam]
1860 2637 1965 2691 Qui
1986 2637 2038 2686 in
2064 2636 2296 2688 Csucsso
2317 2638 2409 2688 de·

1344 2717 1488 2777 cepti
1510 2722 1649 2776 sunt,
1673 2729 1734 2764 ac
1758 2713 1833 2762 de'
1858 2727 1980 2762 vero
2001 2711 2254 2775 capienda
2273 2713 2409 2762 exis-

1342 2791 1593 2838 timarunt
1626 2790 1738 2840 hoec
1771 2790 1940 2838 omnis
1969 2801 2086 2852 quae
2111 2785 2412 2836 Alexander

1344 2876 1585 2916 narratur
1633 2866 1698 2915 sd
1756 2866 2044 2914 Caucasum
2090 2862 2329 2926 gessisse,
2371 2863 2406 2912 ii

1342 2941 1474 2989 hanc
1492 2938 1857 2989 Alexandriam
1877 2937 1942 2986 sd
1957 2937 2256 3001 Scythicum
2273 2935 2408 2988 Cau·

1345 3029 1522 3064 casum
1557 3013 1972 3070 transtuleruntg
2007 3009 2295 3074 eodemque
2325 3024 2405 3059 er·

1344 3104 1464 3139 rore
1487 3090 1803 3138 Ptolemaeus
1841 3087 1976 3134 ultra
2005 3087 2141 3134 hunc
2174 3085 2404 3135 Alexan-

1343 3165 1423 3214 dri
1446 3164 1710 3214 columnss
1733 3161 1928 3226 posuit,
1950 3176 2077 3226 quas
2105 3163 2240 3212 nltrs
2263 3161 2407 3212 Indi-

1343 3255 1460 3290 cum
1485 3239 1638 3288 fuisse
1661 3240 1918 3289 excitatas
1942 3237 2178 3302 disputet
2210 3237 2408 3287 Sslms·

1344 3315 1452 3363 sins
1488 3313 1552 3363 ud
1584 3312 1748 3362 Solini
1787 3327 1904 3375 cap.
1926 3314 2007 3362 88.
2029 3319 2086 3361 et
2109 3318 2291 3374 sperte
2317 3313 2407 3360 de-

1342 3394 1598 3438 monstrat
1620 3387 1898 3451 Dionysius
1919 3387 2130 3446 Perieg.
2151 3400 2202 3435 v.
2226 3390 2371 3436 1162.

1406 3470 1432 3497 ⁸
1455 3461 1734 3524 Celer-itate]
1760 3461 1874 3510 Etsi
1895 3473 1998 3510 non
2019 3459 2243 3510 diffiteor
2263 3473 2404 3525 mag-

1340 3549 1456 3585 nam
1482 3537 1640 3586 fuisse
1665 3535 1946 3587 Alexandri
1969 3535 2020 3584 iu
2047 3536 2206 3586 Besso
2229 3549 2405 3599 perse·

1342 3611 1548 3676 quendo
1571 3611 1914 3670 celeritatem,
1943 3617 2002 3660 nt
2036 3611 2090 3660 in
2121 3617 2232 3662 tots
2251 3609 2405 3660 Asis-

1343 3688 1448 3737 tics
1477 3686 1843 3750 expeditione;
1875 3685 2002 3735 illud
2022 3693 2194 3736 tamen
2215 3685 2403 3736 mirum

1341 3764 1506 3812 videri
1531 3771 1706 3827 potest
1725 3759 2060 3827 quemobrem
2095 3774 2160 3810 ex
2198 3761 2404 3824 Hyrca-

1340 3839 1427 3888 nia
1459 3845 1566 3887 tsm
1601 3840 1756 3900 longo
1790 3844 2041 3886 terrarum
2063 3835 2282 3884 circuitu
2306 3851 2405 3900 per

1342 3914 1538 3974 Arium,
1554 3913 1928 3975 Drangiansm,
1939 3908 2290 3973 Ancuosiam,
2303 3911 2404 3960 Ps-

1340 3988 1714 4053 rapamlssdss,
1734 3991 1832 4036 &c-
1851 3987 1902 4035 in
1925 3984 2260 4036 Bactrianam
2281 4000 2402 4036 con·

1342 4064 1602 4114 tendet-it:
1661 4077 1814 4126 quam
1831 4083 1838 4088 ·
1855 4062 2080 4112 rectiore
2117 4071 2179 4111 sc
2223 4064 2397 4114 multis

1342 4139 1582 4205 partibus
1614 4137 1870 4203 breviore,
1893 4135 2018 4205 (nisi
2047 4151 2140 4188 nos
2169 4139 2400 4202 Gcogrs-
