2858 4782
433 341 563 407 534
888 356 933 414 Q
980 351 1245 402 cun‘ru
1298 350 1478 401 Rom
1531 351 1672 398 mn.
1719 350 1850 397 vu.
1897 349 2060 397 on.
2107 337 2173 399 5.

430 502 575 564 haec
602 497 944 581 paulisper
970 495 1290 577 repressit
1332 488 1548 558 sitim:
1594 492 1833 559 deinde
1879 485 2224 557 crescente
2275 499 2456 557 aestu
2501 510 2632 555 rur-

431 619 583 665 sum
612 595 1013 663 desiderium
1040 594 1335 659 humoris
1358 613 1718 657 accensum
1745 600 1868 659 est.
1957 593 2132 675 Ergo
2155 592 2477 676 quicquid
2501 590 2640 654 vini

430 700 699 783 oleique
730 705 895 777 erat,
922 698 1307 763 hominibus
1352 698 1798 778 ingerebatur:
1847 702 2165 779 tantaque
2211 693 2498 759 dulcedo
2541 692 2640 755 bi-

432 802 629 867 bendi
658 802 811 879 fuit,
844 801 1013 865 utin
1042 806 1383 884 posterum
1431 799 1584 863 sitis
1627 818 1764 862 non
1807 798 2170 862 timeretur.
2257 796 2322 861 8.
2367 794 2643 861 Graves

430 901 669 967 deinde
701 902 897 967 avide
926 902 1172 967 hausto
1202 902 1642 966 humore'non
1659 901 1986 975 sustinere
2009 916 2214 976 arma,
2235 916 2368 961 non
2383 892 2646 976 ingredi

433 1011 772 1088 poterant3
824 1015 895 1069 et
942 1004 1281 1069 feliciores
1342 1002 1764 1078 videbantur,
1820 1019 1997 1084 quos
2047 1016 2231 1082 aqua
2279 996 2644 1072 defecerat,

432 1125 585 1171 cum
616 1108 746 1191 ipsi
768 1108 913 1172 sine
940 1106 1144 1171 modo
1172 1104 1470 1169 infusam
1496 1102 1751 1167 vomitu
1783 1105 2172 1183 cogerentur
2200 1116 2486 1180 egerere.
2573 1096 2642 1163 9.

428 1205 729 1271 Anxium
763 1227 985 1290 regem
1013 1206 1223 1271 tantis
1252 1205 1450 1268 malis
1477 1203 1865 1269 circumfusi
1893 1200 2121 1278 amici,
2151 1205 2174 1235 ⁸
2195 1206 2275 1265 ut
2300 1198 2650 1263 meminis-

431 1315 535 1373 set
564 1308 775 1389 [sui],’
804 1310 1108 1386 orabant,
1154 1313 1175 1346 ‘
1194 1306 1400 1371 animi
1441 1306 1548 1370 sui
1578 1304 2094 1386 magnitudinem
2121 1302 2394 1367 unicum
2431 1317 2646 1363 reme·

431 1408 610 1473 dium
658 1408 1033 1475 deficientis
1072 1410 1409 1473 exercitus
1449 1428 1604 1473 esse
1637 1406 1679 1472 :⁹
1723 1408 1830 1473 10.
1875 1424 2032 1469 cum
2061 1424 2151 1469 ex
2181 1404 2290 1481 iia,
2318 1403 2439 1485 qui
2465 1420 2646 1483 prae-

432 1520 777 1576 cesserant
806 1510 895 1577 ad
922 1510 1327 1594 capiendum
1358 1511 1589 1574 locum
1620 1511 1887 1586 castriS,
1917 1506 2055 1572 duo
2083 1508 2437 1570 occurrunt
2475 1500 2644 1565 utri-

428 1610 559 1673 bus
578 1617 602 1647 ·
645 1630 893 1695 aquam
924 1619 1286 1694 gestantes,
1316 1618 1395 1675 ut
1422 1610 1581 1677 filiis
1607 1611 1777 1687 suiS,
1804 1627 1978 1692 quos
2005 1608 2074 1672 in
2103 1604 2340 1671 eodem
2373 1602 2638 1686 agmine

430 1730 583 1777 esse
636 1721 707 1777 et
756 1732 925 1797 aegre
966 1714 1113 1795 pati
1162 1714 1344 1778 sitim
1388 1732 1528 1777 non
1571 1711 1991 1793 ignorabant,
2021 1712 2478 1773 occurrerentz
2525 1706 2644 1789 qui

432 1832 585 1877 cum
614 1814 685 1877 in
714 1813 1389 1897 regemincidissent3
1440 1816 1546 1879 11.
1565 1815 1736 1879 alter
1751 1832 1839 1878 ex
1861 1813 1948 1877 iis
1979 1818 2125 1875 utre
2141 1810 2459 1885 resoluto,
2489 1826 2640 1883 vae,

430 1913 616 1995 quod
654 1914 854 1977 simul
893 1914 1171 1992 ferebat,
1217 1915 1480 1998 implet,
1523 1916 1864 1999 porrigens
1904 1914 2060 1995 regi.
2149 1911 2278 1976 Ille
2325 1906 2640 1991 [accipit]

1912 2012 1931 2040 2

428 2020 896 2093 percontatae,
944 2018 965 2049 ‘
984 2014 1239 2097 quibus
1270 2034 1514 2098 aquam
1549 2020 1912 2099 portarent,
1979 2017 2000 2048 ‘
2025 2013 2182 2081 filiis
2221 2012 2394 2077 ferre
2413 2010 2433 2035 ’
2483 2030 2643 2093 cog-

429 2114 674 2176 noscit.
761 2116 868 2178 12.
910 2115 1109 2179 Tunc
1152 2117 1405 2199 poculo
1453 2118 1675 2200 pleno,
1721 2117 1899 2181 sicut
1928 2115 2232 2179 oblatum
2261 2120 2390 2191 est,
2421 2110 2644 2184 reddi·

434 2220 552 2294 to;
598 2218 617 2247 ‘
640 2233 766 2281 nec
813 2214 1048 2295 solus‚’
1071 2212 1094 2251 f
1135 2218 1372 2300 inquit,
1427 2222 1449 2252 ‘
1474 2218 1702 2281 bibere
1751 2218 2093 2297 sustine03
2135 2234 2262 2279 nec
2316 2222 2454 2279 tam
2501 2214 2642 2279 exi-

1344 2395 1713 2416 ‘Omum

432 2496 512 2543 tin.
580 2494 697 2543 Pal.
724 2497 769 2543 1.
796 2500 1092 2557 prepararet
1108 2512 1128 2553 ,·
1160 2494 1308 2545 Leid.
1328 2495 1482 2546 Voss.
1507 2499 1556 2546 2.
1581 2494 1705 2546 Ald.
1729 2494 1897 2544 Colin.
1920 2493 2124 2570 Gryph.
2143 2491 2257 2542 Col.
2275 2491 2418 2541 Mer.
2439 2496 2498 2540 et
2517 2491 2640 2540 Bes.

426 2563 828 2670 ffuffimffi..
848 2555 2644 2684 {5²⁸223sw‘533523322‘...¹²¹-01'2521-3133ffl3132's?aladii-{2⁸35

433 2684 670 2733 Acidalio
694 2685 847 2745 malo,
872 2699 1021 2750 quam
1048 2700 1163 2735 cum
1189 2685 1496 2737 Heumanno
1519 2688 1568 2736 in
1592 2687 1780 2736 avidius
1801 2685 2036 2734 mutare?
2069 2683 2364 2733 Schmieder.
2430 2683 2499 2732 In
2525 2697 2642 2732 enn-

432 2748 553 2796 dem
586 2747 877 2811 opinionem
920 2747 1063 2799 venit
1103 2751 1468 2802 Heinsius.—8
1501 2751 1656 2801 Voss.
1693 2755 1740 2800 2.
1761 2750 1900 2799 «eido
1932 2749 2104 2798 haustu
2133 2763 2228 2796 non
2258 2751 2378 2796 sunt.
2415 2747 2646 2804 humore,-

426 2813 570 2863 Pith.
588 2813 757 2862 hausto
778 2813 905 2864 huon.
926 2814 1084 2872 aeide,
1110 2823 1166 2864 et
1186 2830 1306 2865 mox
1326 2831 1423 2864 non
1443 2821 1666 2892 poterunt
1689 2815 1899 2877 ingredi.
1971 2811 2232 2862 Acidalius
2257 2811 2396 2872 conj.
2420 2825 2543 2874 qm
2561 2812 2638 2860 de-

421 2875 627 2935 fecerat,
659 2891 731 2926 sc.
766 2877 967 2928 humor.
1034 2879 1187 2931 Voss.
1220 2895 1327 2930 eum
1358 2880 1479 2942 ipsu
1495 2896 1519 2938 ,-
1550 2880 1691 2929 Pith.
1715 2893 1822 2927 cum
1851 2879 1955 2940 ipso
1973 2891 2015 2928 a.
2037 2891 2100 2926 m.
2122 2876 2160 2924 i.
2181 2891 2228 2927 ο.
2248 2877 2642 2926 viduatum-o

434 2941 664 2992 Floreat.
686 2941 837 2991 Leid.
859 2943 1011 2992 Voss.
1038 2947 1087 2992 1.
1108 2947 1159 2992 2.
1201 2944 1337 2995 Dan.
1360 2945 1520 2994 Frob.
1555 2945 1691 2992 Mer.
1717 2943 1850 2992 Bas.-
1866 2942 1988 2991 Ald.
2018 2938 2188 2990 Colin.
2211 2939 2413 3026 Grgpli.
2437 2947 2494 2988 et
2518 2937 2638 2988 edd.

432 3012 555 3066 post
576 3005 811 3054 Freinsh.
828 3012 887 3056 ut
907 3007 1193 3057 meruit-isset
1215 3009 1308 3058 sui.
1354 3009 1370 3036 ⁸
1389 3007 1508 3057 Hoc
1530 3009 1606 3056 sui
1625 3013 1771 3058 recte
1787 3007 2046 3070 expungit
2068 3003 2297 3057 Medius.
2349 3002 2642 3052 Setun-iodea

434 3067 549 3117 Pal.
572 3071 620 3118 1.
658 3069 925 3120 meminisse
953 3071 1303 3120 orabant—10
1338 3071 1486 3120 Idem
1521 3072 1688 3120 codex
1723 3076 1826 3119 trun
1846 3085 1908 3119 ex
1928 3070 1991 3118 iis
2007 3087 2026 3128 ;
2061 3069 2289 3117 Florent.
2319 3067 2471 3117 Leid.
2493 3068 2643 3116 Voss.

435 3135 485 3179 1.
507 3136 557 3180 2.
580 3139 637 3181 et
661 3133 797 3206 Mer.
820 3149 926 3182 cum
946 3149 1008 3182 ex
1026 3134 1115 3185 his.
1164 3135 1395 3184 Floreat.
1420 3135 1570 3185 Leid.
1595 3136 1745 3184 Voss.
1770 3139 1815 3182 1.
1841 3135 2010 3196 Bong.
2037 3136 2081 3182 1.
2103 3131 2155 3182 2.
2175 3137 2230 3180 et
2253 3131 2367 3180 Pal.
2392 3133 2440 3178 1.
2455 3143 2643 3194 procee-

430 3200 611 3243 seraat.
680 3195 821 3244 Pith.
862 3203 1163 3248 occurrerent
1200 3199 1404 3248 utribus.
1473 3199 1610 3249 Mer.
1653 3204 1702 3247 et
1796 3198 1854 3246 ”a
1888 3197 2005 3247 suis.
2070 3196 2223 3245 Voss.
2265 3199 2315 3245 2.
2349 3199 2607 3243 occurrunt
2623 3209 2643 3250 ,-

432 3259 605 3306 Λευεί.
628 3266 975 3321 succurrerent,
999 3268 1053 3310 ut
1078 3262 1215 3325 conj.
1241 3263 1635 3314 {ieiunium—ll
1671 3263 1713 3310 F
1735 3271 1906 3310 orent.
1929 3259 2078 3309 Leid.
2101 3266 2161 3309 et
2185 3259 2340 3308 Voss.
2375 3263 2423 3308 1.
2448 3263 2498 3311 2.
2521 3259 2646 3308 alter

432 3335 496 3370 ex
518 3323 613 3372 his.
681 3322 835 3372 Voss.
857 3328 907 3374 2.
929 3329 1037 3374 utre
1058 3327 1213 3374 soluto
1233 3342 1279 3376 υ.
1304 3343 1353 3390 q.
1383 3342 1424 3376 ε.
1448 3327 1696 3386 referebat.
1761 3325 1878 3376 Pal.
1912 3329 1961 3372 l.
1997 3325 2090 3374 Ille
2109 3323 2283 3386 accipit
2309 3327 2640 3388 percontatur.

434 3385 449 3412 ‘
470 3387 538 3435 Et
560 3386 646 3436 hic
683 3402 864 3438 vocem
896 3389 1072 3451 accipie
1104 3403 1221 3440 cum
1256 3389 1439 3440 Modio
1474 3391 1657 3440 abesse
1689 3389 1867 3438 malo?
1901 3388 2191 3438 Schmieder.
2262 3386 2410 3436 Mod.
2447 3387 2644 3437 omittit

433 3465 605 3514 uquam
617 3468 636 3510 ,·
658 3453 808 3504 Voss.
832 3457 884 3503 2.
900 3458 1151 3518 portarent
1172 3458 1494 3520 aquam—12
1519 3454 1663 3505 Pith.
1685 3453 1896 3503 omnibus
1915 3451 2142 3501 dividere.
2179 3451 2292 3500 Pal.
2319 3457 2366 3500 1.
2389 3466 2447 3499 ασ
2468 3451 2640 3500 liberos

1439 3615 1656 3666 NOTAE

496 3731 519 3758 ⁸
558 3721 779 3786 Utribus]
802 3723 937 3773 Uter
952 3723 1087 3774 vasis
1109 3739 1272 3790 genus
1290 3732 1371 3777 est
1386 3727 1495 3778 rive
1577 3727 1878 3791 dictumque
1912 3725 2225 3774 Plutarchus
2259 3724 2325 3774 ad
2355 3721 2488 3772 illud
2515 3731 2640 3774 tem·

431 3799 571 3849 neci
596 3798 769 3861 potius
792 3811 860 3848 ex
886 3799 1108 3862 pellibus
1140 3802 1361 3852 maxime
1390 3804 1496 3854 hae-
1579 3817 1675 3868 pus
1710 3803 1892 3852 retulit
1925 3814 2041 3848 cum
2067 3801 2284 3848 Darium
2309 3813 2640 3864 persequere-

433 3874 588 3937 dinis,
608 3875 675 3924 ad
708 3873 879 3924 vinum
912 3877 1149 3928 oleumve
1174 3879 1493 3929 commodius
1577 3886 1679 3930 tur.
1746 3877 1978 3926 Similem
2008 3875 2228 3925 Davidis
2269 3875 2648 3924 abstinentiam·

436 3949 757 4013 gestandum.
842 3951 930 4000 De
970 3952 1175 4004 utribus
1210 3968 1494 4020 eorumque
1575 3961 1753 4006 narrat
1776 3954 2047 4016 Scriptura
2079 3955 2111 4001 2
2132 3951 2263 4014 Reg.
2279 3963 2450 4000 xxm.
2503 3951 2637 4000 Esn-

433 4023 705 4085 multiplici
734 4025 787 4074 in
814 4025 961 4076 bellis
981 4042 1075 4078 usu
1096 4033 1295 4081 consuli
1315 4038 1493 4094 potest
1574 4033 1760 4082 demin
1785 4032 1986 4080 Catone
2006 4043 2209 4093 quoque
2227 4040 2320 4076 suo
2342 4027 2523 4076 laudat
2541 4028 2643 4077 Lu·

433 4099 754 4150 stewechius
778 4101 845 4149 sd
860 4102 1062 4154 vitruv.
1085 4106 1174 4157 lib.
1196 4121 1285 4158 m.
1302 4121 1421 4171 cap.
1445 4113 1494 4159 7.
1579 4123 1738 4158 canus
1757 4106 1847 4157 lib.
1873 4117 1952 4156 rx.
1977 4118 2051 4156 vs.
2071 4107 2186 4155 479.
2221 4103 2428 4168 poetice
2451 4117 2518 4153 en
2537 4103 2636 4152 hir-

500 4173 521 4210 ¹
550 4175 657 4226 Νθθ
674 4175 825 4238 W]
858 4177 977 4227 Hoc
996 4179 1279 4245 Alexandri
1302 4183 1500 4234 factum
1583 4185 1766 4249 torice,
1786 4195 1888 4234 non
1909 4183 2092 4247 liquet.
