2858 4782
683 332 946 387 surm..
991 332 1074 381 m
1123 334 1194 395 Q.
1243 332 1593 383 cultrum
1644 334 1787 383 mu.
1832 338 1885 383 ι.
2294 320 2381 385 87

143 470 487 641 &lienis
533 471 836 533 laboribus
887 482 1048 532 tutos
1095 492 1201 533 vos
1245 474 1368 534 fore
1398 492 1748 553 persuasum
1776 475 2029 548 habetis,
2071 494 2273 535 vereor
2302 494 2379 537 us

299 584 536 645 nopere
557 566 954 645 decipiamini.
1012 567 1244 627 Etenim
1265 568 1455 646 (quod
1477 569 1807 644 abominor)
1834 568 2107 649 Philippo
2129 570 2376 643 'victor-e,

36 642 38 735 ξ
151 660 254 717 eui
283 658 544 719 dubium
573 672 691 733 est,
718 661 864 741 quin
888 680 1082 739 neque
1111 681 1242 735 vos,
1275 681 1471 742 neque
1490 664 1801 743 quisquam
1826 663 2167 723 Graecorum
2204 662 2381 724 liber·

155 764 345 813 tatem
381 756 540 815 tueri
563 755 854 835 possitis?
879 760 1042 834 (nam
1065 758 1126 814 in
1145 756 1263 815 fide
1291 758 1547 836 Philippi
1576 758 1824 817 multum
1855 777 2157 838 reponere,
2178 758 2381 818 eorum

157 860 254 906 est
279 850 396 926 qui
425 855 618 929 perire
647 852 832 911 velint
853 852 900 925 t)
982 854 1082 912 23.
1123 862 1189 910 at
1229 853 1277 911 si
1316 872 1426 911 nos
1458 854 1717 913 Victoria
1742 855 2083 932 respexerit,
2119 853 2261 931 quid
2304 854 2381 913 ab

157 942 534 1016 hominibus,
573 966 731 1025 quos
767 949 825 1006 in
877 959 1139 1006 extremo
1190 948 1402 1007 salutis
1450 960 1628 1027 atque
1678 950 1989 1027 dignitatis
2040 948 2382 1009 discrimine

161 1035 576 1113 deserueritis,
618 1042 1054 1121 expectandum
1098 1042 1266 1101 vobis
1311 1044 1553 1121 putetis,
1597 1042 1991 1103 considerate.
2072 1046 2177 1103 24.
2224 1042 2382 1103 Nam

163 1150 568 1213 qnaecumque
615 1137 786 1195 vobis
835 1136 1132 1196 sententia
1177 1135 1412 1207 sederit,
1457 1137 1921 1197 Atheniensibus
1973 1146 2131 1197 certe
2178 1137 2383 1197 omnia

167 1229 446 1305 experiri,
491 1250 684 1310 neque
735 1233 1066 1291 libertatem
1111 1232 1271 1310 prius
1314 1252 1492 1312 quam
1538 1233 1718 1291 vitam
1762 1233 2029 1293 amittere
2078 1232 2383 1293 decretum

165 1335 275 1381 est.
373 1325 735 1405 Quanquam
779 1327 960 1385 etiam
1003 1326 1222 1385 viribus
1269 1340 1389 1385 non
1420 1327 1784 1387 diffidimus:
1828 1330 2042 1406 quibus
2073 1328 2123 1387 si
2152 1322 2381 1387 vestras

165 1418 440 1493 sociatis,
461 1422 764 1501 conjuncti
795 1422 1002 1501 utique
1032 1422 1360 1500 superiores
1389 1424 1607 1482 erimus
1634 1423 1813 1494 hosti,
1841 1425 1936 1482 cui
1959 1422 2179 1502 singuli
2207 1440 2383 1501 pares
2450 1452 2455 1467 ·

167 1530 304 1571 esse
331 1532 682 1593 possumus.
779 1519 880 1575 25.
927 1516 1061 1575 Non
1091 1516 1428 1595 ignoramus
1456 1517 1779 1597 potentiam
1808 1516 1935 1594 ejus
1963 1516 2382 1589 Athenienses,

169 1626 353 1685 quam
381 1610 526 1669 olim
557 1624 904 1673 nascentem
933 1622 1467 1691 augescentemque
1516 1610 1930 1690 proevidimusz
1974 1619 2056 1681 et,
2086 1610 2137 1667 si
2168 1610 2383 1669 ceteris

173 1700 527 1764 Graecorum
575 1706 786 1766 eadem
831 1726 998 1766 mens
1045 1706 1276 1780 fuisset,
1323 1724 1813 1785 praecaveremus.
1912 1706 2013 1763 26.
2057 1702 2179 1762 Diu
2224 1703 2385 1766 enin

171 1796 397 1858 bellum
441 1818 581 1860 cum
618 1820 694 1862 eo
739 1802 1058 1881 gessimus,
1097 1820 1218 1860 non
1269 1801 1344 1862 de
1389 1800 1754 1882 Amphipoli,
1799 1810 1903 1860 aut
1942 1797 2275 1871 Haloneso,
2319 1808 2386 1859 ut

173 1894 480 1975 plerisque
524 1897 898 1969 credebatur,
939 1896 1043 1957 sed
1091 1916 1202 1975 pro
1239 1898 1432 1955 salute
1462 1906 1525 1956 et
1549 1897 1821 1955 libertate
1852 1892 2147 1955 Groecioe:
2189 1892 2383 1954 donec

175 1988 454 2049 destituti
483 1992 560 2051 ab
589 1992 884 2063 omnibus,
925 2010 964 2051 a
1003 1986 1307 2050 nonnullis
1334 1992 1515 2051 etiam
1543 1991 1893 2073 oppugnati,
1934 2007 2143 2068 pacem
2174 2006 2385 2049 neces-

175 2086 390 2143 sariam
437 2086 630 2165 mag-is
675 2106 852 2166 quam
901 2087 1208 2148 honestam
1257 2088 1526 2148 fecimus.
1611 2090 1711 2146 27.
1756 2085 1876 2147 Sed
1920 2104 2102 2157 nunc,
2152 2083 2384 2163 opinor,

175 2197 401 2256 praeses
449 2181 604 2241 arci's
649 2191 870 2242 nostrae
915 2182 1205 2255 Minerva,
1245 2193 1307 2243 et
1351 2182 1571 2263 Apollo
1621 2180 1871 2261 Pythius
1921 2180 2175 2259 patrium
2212 2177 2388 2239 nobis

177 2292 418 2347 numen,
461 2278 767 2357 ceterique
795 2278 1140 2339 Graecorum
1173 2278 1271 2339 Dii
1307 2288 1663 2357 aperuerunt
1690 2276 1920 2347 oculos,
1964 2287 2023 2336 et
2068 2276 2127 2333 in
2158 2274 2392 2334 vindic-

177 2382 295 2432 tam
343 2372 526 2433 avitae
576 2373 865 2434 libertatis
895 2368 1267 2455 'populorum
1319 2391 1562 2434 suorum
1613 2372 1843 2433 animos
1886 2370 2172 2431 excitant.
2282 2370 2389 2430 28.

181 2467 351 2526 Certe
399 2467 727 2529 Herculem
768 2489 890 2529 non
920 2471 1048 2530 sine
1074 2469 1485 2550 indignatione
1514 2471 1695 2529 verba
1724 2469 2052 2547 legatorum
2083 2465 2388 2527 audivisse

181 2563 448 2635 arbitror,
490 2564 772 2644 Philippo
817 2567 1059 2645 stirpem
1104 2568 1181 2626 ab
1228 2566 1333 2627 illo
1385 2567 1515 2627 Deo
1565 2565 1973 2646 repetentium.
2074 2561 2183 2622 Ille
2230 2563 2391 2622 enim

181 2671 474 2736 agnoscat
515 2659 685 2720 Deus
725 2661 988 2721 omnium
1026 2661 1378 2742 religionum
1432 2670 1893 2726 contemtorem3
1939 2657 2212 2729 Graecus,
2253 2655 2389 2715 Ma-

181 2754 506 2821 cottonem
551 2765 893 2836 tyrannum,
942 2775 1100 2828 osor,
1143 2757 1402 2837 punitor,
1443 2757 1767 2836 extirpator
1814 2751 2183 2834 tyrannidis!
2286 2751 2389 2813 29.

181 2845 362 2909 Nullo
403 2850 569 2909 enim
611 2851 732 2910 alio
775 2861 1123 2929 argumento
1152 2850 1404 2910 clariora
1434 2859 1577 2910 sunt
1610 2846 1885 2908 Herculis
1930 2864 2151 2922 opera:
2196 2853 2260 2903 at
2288 2845 2387 2905 ille

181 2943 476 3005 Graeciam
506 2945 818 3005 dominatu
843 2957 1054 3025 premit
1079 2967 1095 3006 ε
1139 2945 1497 3026 quibusdam
1528 2945 1705 3004 etiam
1734 2940 2071 3001 civitatibus
2103 2937 2388 3000 domesti-

177 3055 275 3099 cos
318 3049 618 3121 tyrannos
663 3040 966 3120 imposuit,
1011 3033 1386 3101 Philistidem
1438 3039 1617 3110 Ote0,
1670 3035 2077 3116 Hipparchum
2124 3034 2389 3109 Eretriae,

181 3135 458 3195 Chalcidi
485 3135 979 3196 Taurosthenem.
1067 3139 1166 3197 30.
1198 3139 1356 3214 Ergo
1375 3136 1501 3216 jam
1534 3132 1789 3203 Euboei‚·
1824 3131 2048 3202 Achaei,
2078 3130 2393 3204 Corinthii,

181 3228 600 3310 Megarenses,
623 3229 925 3302 Leucadii,
953 3231 1252 3312 Corcyraei
1283 3232 1455 3291 nobis
1486 3233 1723 3290 favent:
1768 3227 1867 3287 alii
1897 3226 2191 3287 fortunam
2220 3231 2391 3306 spec-

179 3337 352 3399 tant‚·
396 3345 540 3405 quae
576 3323 867 3386 hactenus
910 3326 1150 3386 unicum
1181 3325 1591 3386 Macedonicae
1616 3322 1904 3405 potentiae
1932 3322 2231 3381 vinculum
2258 3322 2397 3394 fuit,
2444 3395 2453 3402 ·

177 3440 291 3498 quo
331 3421 548 3481 leviter
589 3423 864 3500 abrupto,
905 3421 1061 3481 ultro
1102 3421 1415 3482 dilabetur.
1502 3423 1602 3481 31.
1647 3419 1883 3498 Quippe
1910 3415 2202 3485 Thessali,
2232 3415 2393 3476 unde

179 3515 458 3596 Philippo
487 3518 667 3576 robur
693 3517 991 3596 equitatus
1022 3527 1164 3590 est,s
1189 3517 1483 3577 neminem
1508 3533 1771 3594 unquam
1804 3513 1903 3582 diu
1936 3512 2133 3569 fovere
2157 3529 2173 3567 t
2208 3508 2389 3588 Illyrii

183 3612 484 3690 ceterique
508 3610 928 3670 Macedoniam
958 3612 1296 3672 accolentes
1324 3611 1578 3684 barbari,
1624 3627 1873 3689 quorum
1894 3618 1955 3666 et
1982 3615 2194 3663 natura
2222 3604 2390 3664 ferox

184 3717 274 3765 est
297 3706 563 3777 animus,
604 3716 665 3765 et
693 3705 1102 3784 indignatione
1131 3711 1382 3768 recentis
1429 3706 1647 3768 servitii
1689 3704 1968 3771 irritatus,
2009 3699 2061 3758 si
2088 3699 2392 3779 'principia

183 3799 639 3880 belliThilippo
667 3801 912 3879 sequius
947 3803 1270 3874 evenerint,
1295 3803 1521 3880 reliqua
1548 3819 1656 3880 pro
1686 3798 1859 3858 nobis
1889 3793 2227 3856 conficient.
2288 3799 2386 3856 32.

191 3896 310 3954 Vos
339 3893 524 3954 modo
561 3895 875 3957 nobiscum
913 3895 1124 3958 acriter
1168 3897 1230 3957 in
1274 3897 1431 3957 hanc
1476 3912 1677 3956 curam
1715 3887 2069 3950 incumbite:
2114 3890 2390 3970 sepositis

248 4061 271 4095 δ
309 4061 588 4116 Demosth.
616 4064 687 4118 de
717 4065 940 4120 Corona.
971 4063 1114 4118 Plut.
1137 4063 1252 4117 De·
1389 4073 1412 4101 θ
1452 4063 1721 4116 Demosth.
1745 4062 1809 4112 sd
1835 4061 2069 4126 Philipp.
2090 4057 2260 4123 Epist.

195 4135 380 4187 nosth.
400 4151 455 4200 p.
469 4141 580 4188 85⁰.
1394 4139 1420 4176 ὓ
1450 4139 1643 4193 Juniu.
1666 4151 1767 4191 vn.
1784 4143 1835 4190 ο.
1858 4137 1909 4189 0.
