2858 4782
628 412 896 461 surm„
945 412 1025 460 m
1077 414 1145 473 Q.
1193 412 1543 464 eunt-mm
1597 415 1738 463 mn.
1788 419 1835 465 r.
2243 404 2331 467 79

97 554 422 631 magistro,
455 552 734 613 ardorem
763 548 1080 633 prudentia
1109 564 1436 633 temperare
1468 556 1760 617 disceret:
1804 568 1864 619 et
1892 558 1949 616 in
1982 558 2329 637 subigendis

99 649 478 709 Chersonesi
525 649 791 730 oppidis,
838 662 1080 710 strenua
1125 664 1478 732 promtaque
1506 672 1688 733 opera
1720 656 1845 733 ejus
1876 674 2019 713 nsus
2050 666 2187 716 est?
2264 662 2323 718 4.

103 747 396 806 Ceterum
446 766 586 807 cum
637 747 714 807 ad
776 746 1149 829 Byzantium,
1194 748 1453 809 validam
1504 752 1731 822 urbem,
1782 752 2029 810 haereret
2078 752 2330 825 obsidio,

99 844 336 903 civibus
369 844 617 923 egregie
645 862 754 923 pro
783 844 1054 904 libertate
1083 846 1487 924 pugnantibus
1512 868 1528 917 ς
1578 854 1596 880 ‘
1628 847 1817 927 iisque
1849 848 2045 907 Graeci
2075 848 2333 907 barbari-

103 958 236 1018 que,
265 940 502 1018 quibus
545 941 913 1001 incrementa
953 938 1215 1021 Philippi
1257 952 1539 1021 suspecta
1583 957 1774 1017 erant,
1812 944 2081 1003 certatim
2112 942 2333 1003 auxilio

103 1036 380 1096 renturi’
421 1037 876 1105 nuntiarentur3
919 1035 1238 1117 desperata
1265 1038 1535 1110 victoria,
1566 1036 1626 1098 id
1657 1058 1839 1099 unum
1871 1040 2156 1119 agitabat,
2183 1059 2335 1119 qua-

104 1152 238 1192 nam
267 1132 516 1193 ratione
544 1153 726 1213 quam
751 1134 994 1195 minimo
1023 1134 1324 1214 copiarum
1369 1146 1550 1215 atque
1593 1136 1769 1197 famae
1814 1134 2037 1195 damno
2068 1137 2143 1195 ab
2172 1136 2333 1196 obsi-

105 1229 285 1290 dione
319 1228 688 1292 discederet.
771 1234 832 1291 5.
879 1231 1215 1311 imperabat
1253 1250 1326 1293 eo
1363 1241 1627 1316 ternpore
1669 1232 1865 1305 Getis,
1908 1232 2186 1313 Scythico
2209 1250 2331 1313 ·po-

105 1326 270 1403 pulo,
293 1324 576 1386 Atheas:
604 1326 733 1406 qui,
759 1326 940 1387 armis
971 1326 1352 1387 Istrianon-um
1383 1346 1649 1406 pressus,
1678 1326 1959 1388 auxilium
1988 1344 2025 1386 a
2053 1326 2333 1407 Philippo

105 1422 430 1499 petiverat,
483 1440 592 1501 spe
617 1421 958 1503 adoptionis
988 1424 1170 1496 facta,
1215 1423 1266 1483 si
1293 1424 1471 1483 fessis
1504 1424 1789 1485 Getarum
1818 1426 1995 1484 rebus
2026 1420 2331 1485 succurre-

103 1518 238 1577 ret!
337 1516 510 1577 Idem
539 1536 674 1577 cum
701 1516 960 1578 hostium
988 1520 1305 1598 imperator
1335 1518 1721 1589 decessisset,
1746 1508 2079 1579 belli‘metu
2120 1519 2333 1581 libera·

105 1628 220 1685 tus,
263 1613 655 1674 Macedonas
684 1633 906 1675 vacuos
953 1615 1282 1687 remiserat,
1327 1634 1557 1693 negans
1600 1622 1617 1651 ⁸
1642 1615 1737 1675 vel
1783 1616 2045 1694 ipsorum
2094 1616 2333 1689 auxilio,

107 1710 192 1768 rel
221 1709 570 1788 adoptione
597 1710 854 1790 Philippi
882 1711 1159 1791 eguisse:
1202 1712 1299 1772 cui
1331 1710 1618 1772 adversus
1646 1711 1852 1771 hostes
1886 1710 2033 1770 satis
2072 1710 2337 1790 propria-

107 1824 232 1865 rum
259 1803 510 1876 virium,
556 1806 712 1864 et-in
765 1806 1208 1885 successionem
1253 1807 1418 1885 regni
1449 1807 1602 1867 filius
1632 1808 1835 1869 esset!
1914 1810 1974 1869 6.
2021 1806 2167 1867 Eam
2197 1807 2332 1867 bar-

105 1902 224 1961 bari
271 1900 708 1961 contumeliam
743 1900 1007 1962 ulturum
1047 1904 1242 1963 ferens
1288 1901 1628 1985 Philippus,
1676 1904 1899 1964 omisso
1932 1900 2241 1983 ByzantiO,
2271 1902 2334 1963 in

107 1996 428 2075 Scythiam
477 1998 773 2057 convertit
820 2016 1056 2077 agmem
1145 1999 1261 2057 Ubi
1311 2010 1589 2061 conserto
1634 2001 1860 2079 prndio,
1904 2020 2040 2062 cum
2091 2019 2335 2060 numero

109 2091 462 2171 superiores
507 2091 751 2172 Scythae
799 2102 1052 2166 essentf
1087 2112 1198 2155 nec
1249 2093 1480 2155 virtutis
1528 2096 1859 2175 poeniteret,
1902 2088 2335 2173 arte'Philippi

108 2186 558 2248 Macedonibus
609 2186 860 2249 victoria
902 2188 1109 2251 cessit.
1191 2194 1252 2251 ¹7.
1297 2191 1487 2270 Cujus
1534 2210 1711 2252 omne
1752 2191 2006 2270 pretium
2052 2205 2334 2271 pecorum

105 2300 530 2363 equorumque
557 2285 796 2345 maximi
828 2304 1064 2366 greges,
1111 2300 1171 2346 et
1202 2286 1535 2347 infirmioris
1564 2286 1760 2347 aetatis
1790 2306 2087 2365 sexusque
2115 2286 2337 2364 captivi

107 2380 270 2441 suere
295 2401 316 2440 ε
359 2393 586 2443 ceterae
628 2380 850 2463 proedoe
894 2382 1040 2442 nihil
1087 2394 1400 2463 exceptum
1429 2391 1561 2444 est:
1604 2382 1825 2468 quippe
1852 2384 2065 2463 opibus
2096 2382 2335 2444 minime

111 2479 446 2540 studebant
472 2479 686 2548 (ἕως
718 2479 826 2540 sed
855 2480 1206 2559 quotidiano
1236 2480 1395 2540 victu
1425 2481 1714 2552 contenti,
1740 2477 2357 2560 paupertateminter'

109 2576 248 2634 ritae
280 2573 608 2636 commoda
639 2576 1050 2650 numerabant.
1135 2577 1195 2635 8.
1239 2576 1519 2636 Ceterum
1558 2594 1694 2634 cum
1737 2596 1809 2636 ex
1859 2575 2105 2656 Scythia
2134 2593 2333 2654 reg-re-

113 2671 310 2743 diens,
354 2671 549 2750 longo
574 2671 1129 2750 impedimentorum
1157 2671 1416 2751 agmine,
1466 2692 1573 2751 per
1598 2673 1895 2732 Triballos
1923 2673 2034 2732 iter
2074 2671 2331 2738 facerem

111 2768 190 2826 illi
235 2767 604 2848 opportunis
655 2768 806 2828 locis
853 2768 1162 2846 occupatis
1217 2769 1531 2828 transitum
1580 2771 1901 2846 negabant,
1954 2767 2066 2826 nisi
2112 2767 2335 2847 proedae

109 2876 340 2943 partem
369 2863 704 2944 accepturi.
811 2865 870 2924 9.
913 2863 1100 2923 Erant
1129 2863 1190 2923 in
1218 2865 1476 2925 exercitu
1506 2863 1764 2942 Phihppi
1790 2863 2134 2922 mercenarii
2163 2861 2335 2922 Grae-

117 2977 320 3020 eorum
347 2959 598 3030 milites,
649 2960 750 3038 qui
793 2971 856 3020 et
894 2959 1037 3040 ipsi,
1089 2979 1226 3020 cum
1275 2959 1335 3018 in
1375 2956 1732 3017 discriminis
1760 2967 1986 3036 partem
2012 2957 2338 3042 venissent,

113 3056 567 3117 commodorum
595 3067 860 3116 exsortes
905 3056 1109 3115 haberi
1153 3053 1403 3114 moleste
1446 3053 1761 3114 ferebant!
1844 3051 1991 3112 Inde
2020 3066 2149 3114 orta
2177 3053 2336 3116 sedi·

115 3153 272 3211 tione
299 3151 386 3212 ad
415 3169 637 3212 manus
663 3161 906 3212 ventum
934 3159 1072 3210 est:
1114 3160 1238 3210 tam
1267 3148 1387 3212 acri
1415 3149 1759 3222 certamine,
1808 3159 1876 3210 ut
1902 3149 2101 3210 multis
2128 3137 2335 3211 utrim-

115 3267 230 3324 que
260 3247 628 3308 cadentibus
656 3248 834 3307 etiam
869 3265 972 3307 rex
1001 3245 1402 3314 sauciaretur-3
1446 3245 1779 3306 transfosso
1806 3247 2048 3319 femore,
2094 3245 2335 3308 eodem-

119 3363 234 3421 que
255 3343 518 3404 vnlnere
541 3342 856 3404 interfecto
883 3361 1079 3421 equo:
1122 3351 1293 3403 tanta
1313 3343 1403 3402 vis
1435 3341 1631 3403 adacti
1658 3343 1783 3415 teli,
1834 3353 2119 3421 tantaque
2146 3343 2335 3402 virtus

120 3439 430 3500 inferentis
451 3441 640 3499 ictum
669 3439 802 3500 fuit.
877 3442 972 3498 10.
1007 3439 1094 3498 Ibi
1121 3446 1248 3496 tum
1277 3448 1416 3498 ante
1444 3456 1651 3497 omnes
1680 3438 1955 3517 prosiluit
1976 3437 2337 3509 Alexander,

113 3535 540 3615 jacentemque
580 3534 794 3616 clypeo
840 3545 1182 3616 protegens,
1225 3533 1573 3594 irruentium
1612 3533 1672 3593 in
1719 3552 1856 3594 eum
1904 3533 2053 3593 alios
2094 3532 2337 3604 occidit,

125 3629 274 3690 alios
299 3631 522 3692 avertit
547 3631 608 3690 in
637 3632 865 3710 fugam.
954 3631 1049 3690 Ita
1093 3631 1200 3690 filii
1251 3631 1474 3710 pietate
1522 3642 1791 3691 serratus
1838 3637 1958 3702 est,
2004 3629 2337 3688 absceden-

123 3725 276 3786 tibus
303 3726 410 3806 qui
441 3729 788 3806 oppressuri
816 3728 1092 3796 fuerant3
1134 3745 1209 3786 eo
1257 3728 1569 3807 promtius,
1616 3725 1777 3806 quod
1806 3725 2178 3786 interfectum
2208 3738 2335 3802 cre-

127 3821 441 3884 diderant:
487 3823 576 3884 sic
625 3823 736 3904 ipsi
781 3822 1044 3885 vulneris
1071 3823 1369 3885 atrocitati
1397 3824 1575 3884 vitam
1602 3821 1878 3884 debuisse
1906 3821 2097 3892 visus,
2136 3821 2340 3881 mortis

24 3947 26 4016 Ξ
127 3917 410 3997 opinione
431 3927 686 3982 mortem
711 3917 924 3998 cffugit
943 3939 964 3980 t
991 3918 1198 3998 praeda
1223 3919 1378 3980 inter
1403 3913 1944 3980 consternationem
1974 3917 2195 3976 amissa
2222 3927 2337 3979 est.

23 4371 38 4626 ι

135 4015 226 4070 ll.
270 4015 554 4074 Ceterum
581 4031 656 4073 ex
682 4013 924 4078 vulnere
949 4015 1289 4078 claudicare
1337 4012 1631 4087 coactus,‘
1665 4033 1800 4072 cum
1849 4013 2017 4074 initio
2044 4033 2181 4079 eam
2202 4033 2337 4076 corz

186 4183 212 4210 >⁸
245 4175 446 4228 Justiri.
467 4189 548 4227 rx.
573 4179 626 4227 l.
1279 4176 1621 4242 ctesiphont.

187 4251 216 4289 ⁴
245 4251 446 4307 Justin.
492 4265 577 4305 rx.
613 4256 667 4306 2.
711 4251 982 4304 AEsehiues
1023 4259 1197 4306 contr.
1333 4261 1367 4311 ‚⁰
1399 4253 1553 4304 Curt.
1576 4263 1703 4304 vm.
1724 4253 1875 4302 1.2-1.
1894 4247 1931 4301 J
1938 4251 2094 4303 nstin.
2118 4263 2201 4301 rx.
2222 4255 2275 4301 8.
