2858 4782
672 357 929 419 surra.
976 367 1058 422 m
1107 369 1175 430 q,
1223 371 1575 423 enarum
1624 373 1769 422 mn.
1817 373 1898 422 ir.
2228 362 2359 428 123

153 509 322 572 nioni
339 509 740 584 commiserat)
755 509 1040 572 Memnon
1063 528 1200 570 cum
1218 508 1356 572 filiis
1381 520 1447 572 et
1466 511 1701 574 Arsane
1724 511 1911 576 Persa
1922 515 2319 580 consisterent
2340 539 2359 580 :

155 608 218 666 in
263 605 480 666 eadem
517 615 686 684 parte
724 605 956 666 Arsites
983 607 1232 668 curabat
1254 627 1390 670 cum
1419 607 1873 688 Paphlagonum
1896 611 2161 690 equitum
2192 614 2363 674 auxi-

153 702 252 764 liis
273 722 294 762 :
333 703 400 762 in
444 699 724 762 subsidiis
765 702 1154 780 Spithridates
1195 713 1327 764 erat
1367 723 1549 782 gener
1586 705 1783 784 regis:
1826 706 2026 787 Libym
2056 708 2363 789 Ioniaeque

155 809 404 877 satrapa
448 798 741 859 Rhosace
769 797 968 870 fratre,
997 809 1060 860 et
1085 799 1380 878 Hyrcanis
1405 800 1705 878 equitibus
1730 803 2068 863 comitatus.
2155 805 2247 864 12.
2292 806 2363 864 In

161 893 377 956 dextra
405 895 532 956 acie
564 894 1008 958 Rheomithrem
1034 894 1156 956 duo
1199 895 1517 958 Medorum
1560 896 1766 970 miliia,
1805 897 2170 978 totidemque
2214 899 2367 962 Bac-

155 991 336 1050 triani
363 989 792 1069 sequebantur:
820 990 1076 1052 medinm
1105 1009 1320 1070 agmen
1347 992 1689 1056 Pharnaces
1708 994 1931 1074 regium
1948 995 2151 1068 frater,
2174 995 2371 1056 Arbu-

157 1089 448 1166 palesque
487 1087 827 1148 Artaxerxis
853 1107 929 1148 ex
955 1088 1140 1148 Dario
1167 1106 1376 1168 nepos,
1403 1098 1465 1152 et
1504 1087 2011 1151 Mithrobarzanes
2049 1091 2369 1172 Cappado-

159 1187 270 1246 cioe
325 1196 547 1266 pretor
593 1187 914 1266 regebant:
957 1187 1028 1247 iis
1079 1186 1367 1268 Niphates
1417 1186 1817 1267 Petanesque,
1860 1207 1993 1249 cum
2040 1188 2265 1249 Arsace
2306 1198 2371 1249 et

159 1282 374 1362 Atizye
398 1281 688 1344 variarum
715 1283 980 1362 gentium
1011 1292 1234 1344 turmas
1259 1282 1688 1364 applicuerant.
1776 1287 1872 1346 13.
1916 1283 1967 1343 Ii
1994 1293 2120 1344 tum
2168 1283 2369 1346 multi·

161 1377 372 1438 tudine
393 1386 456 1438 et
483 1378 618 1440 loco
647 1380 903 1459 potiores
923 1379 1178 1457 graviter
1204 1381 1555 1459 premebant
1590 1381 1846 1453 hostem,
1868 1381 2137 1458 acrisque
2166 1397 2371 1458 pugna

160 1474 622 1541 conserebatur:
666 1473 922 1536 maximo
955 1474 1216 1536 omnium
1247 1474 1406 1555 regis
1434 1475 1715 1554 periculo,
1742 1495 1919 1556 quem
1948 1477 2124 1536 armis
2158 1494 2373 1536 manu-

169 1589 290 1647 que
315 1579 380 1629 et
403 1568 664 1650 imperiis
691 1570 1080 1650 conspicuum
1101 1570 1302 1649 plures
1326 1573 1632 1650 petebant.
1708 1575 1803 1632 14.
1830 1571 1953 1632 Sed
1982 1571 2217 1650 trag-ula
2236 1572 2371 1650 qui-

161 1666 328 1736 dem,
345 1685 488 1744 qum
513 1666 574 1726 in
602 1667 936 1745 promiscuo
955 1685 1174 1746 pugnes
1197 1665 1408 1728 ardore
1429 1666 1761 1728 desinentis
1787 1665 1987 1728 loricoe
2012 1665 2179 1745 plicis
2214 1665 2369 1726 inci·

163 1762 357 1834 derat,
398 1762 616 1822 vulnus
656 1761 820 1824 haud
859 1761 1095 1824 intulit:
1137 1771 1400 1826 ceterum
1444 1781 1483 1822 a
1525 1761 1821 1824 Rhoesace
1849 1771 1911 1824 et
1937 1759 2301 1840 Spithiidate
2326 1773 2363 1800 ⁸

163 1857 504 1918 fortissimis
531 1857 752 1920 ducum
781 1858 958 1920 simul
1002 1858 1324 1939 impetitus,
1353 1869 1679 1920 extremum
1700 1857 2017 1918 discrimen
2038 1855 2207 1918 adiit.
2276 1858 2369 1916 15.

167 1953 330 2014 Dum
368 1954 526 2014 enim
553 1955 764 2016 lancea
787 1956 848 2015 in
891 1954 1134 2018 thorace
1177 1955 1561 2034 Spithridatis
1598 1955 1925 2026 confracta,
1974 1963 2373 2030 conatumque

167 2048 556 2120 destituente,
584 2048 844 2128 gladium
875 2049 1152 2129 stringit:
1195 2050 1376 2110 frater
1401 2050 1563 2110 illius
1592 2069 1631 2109 a
1654 2048 1839 2110 latere
1868 2047 2221 2126 adequitans
2250 2047 2375 2106 aci-

165 2161 378 2202 nacem
405 2145 644 2204 incauto
667 2145 963 2226 impingit,
987 2155 1156 2206 tanto
1183 2146 1340 2216 nisu,
1367 2153 1437 2204 ut
1460 2146 1699 2206 cristam
1722 2143 1914 2223 galeoe
1954 2153 2018 2204 et
2060 2143 2372 2222 pinnarum

163 2239 412 2301 alteram
442 2239 768 2313 decuteret,
807 2241 1084 2320 aciesque
1104 2240 1288 2320 gladii
1315 2260 1579 2301 summos
1606 2241 1763 2318 regis
1792 2238 2045 2320 capillos
2085 2237 2373 2317 perstrin-

165 2345 350 2414 geret.
426 2337 518 2399 16.
546 2337 802 2417 Jamque
831 2337 1080 2417 repetito
1107 2336 1251 2410 ictu,
1277 2356 1401 2418 qua
1419 2337 1695 2399 discussa
1722 2334 1914 2397 cassis
1940 2332 2165 2397 nudum
2188 2342 2373 2411 capnt

165 2429 546 2503 ostendebat,
569 2430 936 2493 descendere
963 2432 1247 2511 parabat:
1293 2452 1431 2493 cum
1472 2432 1641 2494 illum
1675 2433 1869 2492 Clitus
1888 2438 1914 2465 ¹¹
1952 2438 2229 2509 occupat,
2272 2428 2375 2507 qui

167 2525 586 2587 animadverso
611 2529 766 2607 regis
811 2528 1084 2607 periculo·
1121 2529 1340 2589 amenti
1383 2528 1595 2589 similis
1634 2528 2040 2598 advolaverat,
2080 2526 2370 2602 intercep-

169 2634 420 2701 tnmqne
444 2622 678 2683 barbari
705 2622 1008 2683 brachium
1035 2642 1172 2683 cum
1200 2624 1334 2702 ipso
1362 2624 1567 2703 gladio
1610 2622 1845 2703 dejicit:
1890 2620 2067 2683 simul
2110 2621 2373 2682 Alexan-

167 2719 258 2779 dri
288 2738 434 2779 ense
463 2717 858 2796 Spithridates
885 2719 1184 2779 occubuit.
1271 2721 1365 2780 17.
1411 2718 1615 2780 Nihilo
1642 2730 1839 2779 tamen
1866 2717 2129 2797 ‘segnius
2158 2734 2373 2795 repug-

169 2815 401 2875 nabant
447 2812 684 2875 Per-e:
725 2814 916 2877 donec
957 2814 1196 2877 interitu
1221 2815 1467 2887 ducum,
1494 2834 1744 2893 quornm
1770 2814 2039 2892 plerique
2058 2812 2186 2890 jam
2214 2810 2375 2869 ceci·
2433 2860 2441 2865 .

172 2912 412 2983 derant,
437 2911 826 2981 consternati,
851 2921 912 2973 et
933 2912 1075 2989 quia
1095 2911 1220 2990 jam
1249 2912 1425 2971 etiam
1460 2909 1725 2989 phalanx
1746 2906 2147 2969 Macedonum
2178 2914 2373 2965 trans-

165 3008 320 3067 ierat
365 3024 623 3079 amnem,
649 3025 836 3085 equos
879 3007 940 3065 in
979 3006 1184 3086 fug-am
1229 3013 1587 3065 averterunt.
1675 3006 1767 3063 18.
1812 3002 2025 3081 Neque
2078 2999 2373 3081 pedestris

179 3102 344 3163 acies
396 3100 502 3162 diu
554 3103 813 3164 restitit:
851 3104 1180 3184 equitatum
1225 3122 1400 3161 snum
1448 3100 1527 3161 ad
1552 3097 1939 3163 obterendum
1966 3096 2199 3159 hostem
2226 3096 2374 3157 satis

179 3218 478 3278 superque
515 3198 774 3259 validum
824 3200 1108 3270 arbitrati,
1153 3198 1350 3278 potius
1394 3195 1473 3256 de
1498 3194 1703 3276 proeda
1724 3212 1905 3274 quam
1934 3194 2012 3253 de
2038 3192 2373 3255 discrimine

171 3295 554 3373 cogitabant:
595 3294 678 3355 ita
705 3295 904 3355 subito
924 3305 1140 3355 eventu
1169 3292 1671 3372 deprehensorum
1712 3289 1913 3351 cedes
1956 3289 2149 3368 magis
2194 3307 2375 3367 quam

173 3388 443 3470 prolium
475 3389 608 3451 fuit.
697 3392 792 3451 19.
835 3389 1188 3451 Mercenarii
1237 3394 1485 3460 tamen,⁰
1532 3385 1747 3465 quibus
1802 3384 2049 3443 Omares
2102 3392 2375 3462 praerat.

177 3491 472 3564 occupato
497 3483 756 3563 quodam
779 3485 1008 3545 tumulo
1031 3494 1270 3545 strenue
1287 3500 1353 3543 se
1377 3482 1735 3543 tuebantur:
1776 3480 1917 3558 quia
1937 3476 2373 3538 conditionibus

175 3583 236 3639 in
265 3579 444 3639 fidem
471 3591 752 3641 venturos
779 3581 879 3641 ille
905 3600 1026 3641 non
1048 3589 1368 3662 receperat.
1423 3580 1525 3639 20.
1566 3577 1723 3655 Ergo
1754 3572 2153 3635 Macedonum
2174 3571 2375 3652 plures

173 3680 234 3737 in
280 3696 356 3737 eo
399 3676 680 3736 conflictu
724 3676 1042 3737 desiderati
1076 3686 1241 3748 sunt,
1267 3694 1443 3755 quam
1472 3672 1731 3752 equestri
1754 3667 1961 3751 proelio
1986 3665 2330 3728 ceciderant
2356 3688 2373 3727 :

175 3774 306 3852 ipse
351 3791 591 3853 quoque
619 3791 745 3844 rex,
771 3770 913 3832 dum
941 3772 1096 3833 inter
1121 3772 1340 3851 primos
1367 3771 1651 3849 impetum
1678 3768 1740 3826 in
1770 3781 1873 3825 eos
1900 3764 2060 3833 facit,
2088 3771 2209 3820 tam
2238 3780 2375 3840 pro-

181 3868 443 3949 pinquus
471 3866 792 3929 discrimini
830 3869 960 3942 fuit,
985 3879 1056 3929 ut
1075 3887 1317 3948 equum,
1351 3866 1451 3927 cni
1498 3874 1625 3925 tum
1664 3860 1983 3932 insidebat,
2024 3858 2147 3918 ictu
2193 3856 2377 3937 gladii

243 4062 280 4089 Ι·
315 4054 459 4104 Plut.
501 4052 659 4106 Alex.
700 4070 758 4121 p.
793 4058 909 4105 ⁶⁷⁸.
955 4054 1161 4107 Arrisn.
1197 4066 1240 4105 r.
1382 4056 1406 4083 ⁰
1440 4048 1584 4099 Plut-
1604 4046 1759 4099 Alex.
1795 4046 1833 4097 1.
1871 4045 1908 4095 l.
1940 4044 2103 4097 Diod.
2136 4044 2169 4095 1.
2210 4046 2245 4093 Ι.
2279 4044 2376 4094 Ar-

184 4134 264 4178 16.
289 4128 449 4180 Diod.
473 4144 614 4180 xvir.
642 4145 694 4194 p.
715 4134 831 4182 ³⁷2.
1321 4125 1450 4177 rian.
1470 4140 1511 4177 r.
1534 4127 1616 4175 1⁷.

246 4211 272 4238 ¹¹
293 4206 442 4257 Curt.
465 4220 588 4259 vm.
610 4211 658 4259 1.
679 4210 763 4259 ss.
