2858 4782
609 455 699 518 2⁰
1422 462 1987 514 rnonnconnNA

611 607 969 676 Scribonia
1023 607 1072 673 J
1076 605 1303 684 uliam,
1359 621 1450 668 ex
1502 604 1703 672 Livia
1758 603 1929 670 nihil
1974 602 2335 672 liberorum
2392 606 2593 682 tulit:
2642 625 2779 672 cum

611 712 906 777 maxime
935 715 1233 792 cuperet.
1301 706 1613 790 Nepotes
1638 726 1728 773 ex
1757 704 2063 791 Agrippa
2090 714 2227 774 tres
2253 707 2511 785 habuit,
2538 706 2779 782 Caium,

609 812 892 878 Lucium
918 816 987 876 et
1011 808 1404 893 Agrippam,
1435 808 1520 872 de
1563 809 1813 891 quibus
1842 807 2083 874 Caium
2107 815 2181 873 et
2208 807 2496 880 Lucium
2522 808 2781 892 adopta·

611 914 714 978 vit
741 913 1032 997 quidem,
1070 931 1192 995 per
1222 927 1447 975 assem
1482 915 1553 976 et
1590 909 1829 976 libram
1858 915 2075 976 emtos
2102 931 2149 976 a
2182 918 2401 995 patre,
2430 910 2553 976 sed
2576 911 2779 976 laetum

611 1035 764 1079 eum
790 1021 993 1096 atque
1033 1011 1347 1084 fidentem
1375 1011 1509 1076 bac
1556 1013 1795 1076 sobole
1835 1012 2103 1078 fortuna
2139 1012 2451 1078 destituit
2468 1013 2600 1089 ita,
2626 1018 2698 1076 ut
2718 1011 2779 1076 in

607 1113 1067 1198 duodeviginti
1103 1112 1435 1178 mensium
1464 1113 1691 1197 spatio
1721 1114 2022 1180 amiserit
2060 1115 2320 1190 ambos,
2352 1111 2527 1178 Caio
2554 1115 2625 1178 in
2662 1113 2780 1196 Ly-

609 1217 742 1296 cia,
813 1215 1031 1281 Lucio
1103 1212 1439 1280 Massiliae
1497 1212 1851 1280 defunctis.
1934 1214 2112 1280 Tum
2168 1215 2436 1280 tertium
2492 1219 2775 1298 nepotem

607 1317 1002 1401 Agrippam,
1042 1315 1374 1398 simulque
1416 1313 1804 1396 privignum
1844 1312 2183 1380 Tiberium
2227 1314 2607 1399 adoptavit.
2683 1314 2779 1378 Ex

607 1419 848 1503 quibus
881 1415 1256 1499 Agrippam
1285 1414 1472 1479 brevi
1498 1414 1587 1480 ob
1612 1414 1945 1496 ingenium
1976 1413 2319 1479 sordidum
2346 1433 2431 1480 ac
2462 1415 2653 1480 ferox
2674 1415 2779 1478 ab·

606 1519 882 1596 dicavit,
911 1523 981 1582 et
1009 1516 1171 1600 quid
1202 1516 1291 1581 de
1317 1515 1597 1581 Tiberio
1642 1513 2027 1598 speraverit,
2055 1515 2163 1580 vel
2197 1515 2355 1581 inde
2384 1523 2599 1600 patet,
2622 1516 2777 1600 quod

605 1620 1049 1703 ingemiscens
1075 1618 1328 1701 saepius
1357 1616 1773 1699 proclamare
1799 1616 2049 1684 soleret
2076 1614 2246 1682 illud
2273 1615 2560 1682 Homeri
2582 1624 2602 1653 ⁸
2628 1618 2691 1682 in
2714 1635 2775 1680 se

606 1741 916 1787 versum:

779 1819 898 1884 Aio·
929 1819 1130 1898 ὄφελον
1157 1819 1389 1906 ἄγαμός
1413 1821 1467 1885 τ’
1498 1819 1706 1902 ἔμεναι,
1730 1817 1913 1908 ἄγονᾶ
1912 1849 1939 1898 ς
1966 1823 2023 1886 τ’
2053 1819 2388 1886 ἀπολέσθαι.

609 1923 907 1988 Fuerunt
958 1931 1207 2007 praeter
1257 1942 1363 1999 ea,
1412 1925 1535 2008 qui
1586 1923 1939 2002 traderent,
1988 1924 2369 2007 Augustum
2411 1921 2639 2006 palam
2665 1937 2777 1984 nec

607 2024 1106 2090 dissimulanter
1151 2043 1405 2089 morum
1448 2025 1597 2109 ejus
1644 2026 1985 2091 diritatem
2029 2025 2199 2091 adeo
2236 2024 2675 2107 improbasse,
2716 2026 2780 2084 ut

603 2113 1078 2210 nonnunquam
1104 2125 1527 2190 remissiores
1569 2125 2046 2211 hilarioresque
2094 2145 2431 2192 sermones
2476 2143 2779 2209 superve-

601 2226 824 2292 niente
851 2244 936 2290 eo
964 2227 1431 2310 abrumperet.t
1515 2226 1787 2293 Soevam
1831 2229 2035 2294 etiam
2079 2247 2161 2293 ac
2210 2228 2459 2294 lentam
2490 2234 2778 2292 naturam

605 2348 690 2394 ne
730 2329 802 2393 in
848 2347 1059 2413 puero
1107 2329 1374 2413 quidem
1419 2331 1744 2397 latentem
1792 2330 2161 2415 respiciens
2203 2328 2577 2413 Augustus,
2620 2327 2776 2390 hanc

605 2432 828 2496 emisit
855 2450 1088 2496 vocem
1119 2449 1160 2496 a
1193 2432 1624 2496 cubiculariis
1653 2418 2015 2515 exceptam
2043 2452 2061 2495 z
2124 2429 2447 2496 Miserum
2474 2428 2779 2513 populum

605 2530 1002 2613 Romanum,
1030 2532 1150 2614 qui
1190 2533 1318 2597 sub
1366 2540 1505 2597 tam
1549 2531 1745 2595 lentis
1774 2531 2069 2596 maxillis
2111 2532 2255 2596 erit.
2343 2530 2779 2613 Expugnatus

601 2632 918 2717 precibus
978 2633 1213 2697 uxoris
1271 2632 1779 2717 adoptationem
1832 2632 1981 2717 ejus
2034 2650 2167 2697 non
2222 2631 2453 2696 abnuit
2506 2630 2781 2715 quidem,

601 2752 893 2817 eumque
923 2732 1265 2799 haeredem
1291 2736 1588 2819 scripsit,
1636 2735 1908 2812 sedita,
1950 2742 2030 2799 ut
2058 2738 2404 2816 augeretur
2446 2731 2601 2796 inde
2647 2748 2779 2795 sus-

602 2836 790 2919 picio
835 2836 1274 2919 opinantium,
1325 2834 1812 2919 Imperatorem
1851 2837 2263 2900 necessitate
2317 2834 2533 2916 magis
2590 2851 2779 2917 quam

589 2938 854 3021 judicio
877 2957 962 3002 ea
971 2938 1241 3031 fecisse.
1283 2936 1701 3003 Testamenti
1718 2944 1943 3001 autem
1964 2936 2227 3001 initium
2252 2934 2418 2999 fuit:
2450 2931 2779 3012 Quianam

599 3040 870 3103 sinistra
895 3038 1166 3104 fortuna
1194 3037 1433 3104 Caium
1464 3046 1535 3105 et
1573 3037 1859 3104 Lucium
1886 3038 2063 3104 filios
2100 3037 2265 3102 mihi
2292 3036 2563 3120 eripuit,
2588 3035 2779 3100 Tibe-

597 3140 737 3203 rius
767 3136 1005 3204 Gaesar
1033 3136 1194 3202 mihi
1219 3156 1309 3202 ex
1354 3142 1545 3220 parte
1591 3137 1871 3203 dimidia
1898 3143 1965 3203 et
2009 3145 2319 3205 sextante
2361 3139 2576 3203 haeres
2620 3141 2777 3201 esto.

595 3238 826 3323 Atque
853 3239 937 3303 de
965 3238 1255 3318 homine,
1283 3257 1487 3323 quem
1512 3237 1863 3320 Augustus
1886 3258 2023 3305 non
2042 3240 2327 3306 electum
2342 3258 2575 3315 unum,
2591 3256 2780 3322 quem

595 3339 952 3424 plurimum
980 3338 1304 3421 diligeret,
1333 3339 1455 3403 sed
1472 3339 1774 3403 relietum
1788 3358 1879 3404 ex
1894 3340 2202 3405 omnibus
2222 3346 2423 3423 atque
2438 3340 2779 3424 praelatum

589 3440 900 3528 nequiori
923 3440 1174 3505 invitus
1209 3439 1540 3506 haeredem
1573 3439 1977 3519 instituerat,
2027 3438 2301 3506 Curtius
2346 3440 2769 3523 scripsisset:

596 3540 778 3613 absit
805 3540 1007 3606 modo
1037 3534 1318 3619 invidia,
1343 3542 1489 3605 διο.-

679 3641 1032 3715 Ausonius
1080 3641 1369 3725 Popma,
1413 3640 1665 3709 Jacob.
1697 3642 2115 3713 Perizonius,
2146 3647 2212 3708 et
2240 3644 2379 3720 alii,
2406 3644 2524 3732 qui
2552 3642 2643 3707 ad
2666 3640 2778 3705 Ti·

591 3744 760 3809 herii
812 3750 1110 3827 tempora
1129 3768 1140 3787 ι
1157 3741 1463 3809 Curtium
1508 3743 1820 3822 referunt,
1868 3742 2069 3809 meris
2120 3746 2505 3809 nominibus
2554 3744 2777 3830 potius

589 3844 878 3909 nituntur
933 3851 1134 3929 atque
1178 3844 1540 3924 confidunt,
1592 3864 1795 3930 quam
1844 3847 2239 3912 auctoritate
2286 3845 2501 3912 Curtii
2546 3847 2779 3929 ipsius.

591 3943 877 4010 Scilicet
897 3944 1202 4027 Curtium
1220 3954 1518 4022 nostrum
1547 3947 1892 4013 invenisse
1920 3953 2163 4031 putant
2190 3950 2263 4013 in
2288 3948 2515 4013 Taciti
2540 3931 2777 4012 Annas.

597 4062 709 4111 x1.
737 4045 846 4111 20.
879 4051 947 4111 et
982 4044 1092 4111 21.
1121 4050 1292 4113 etin
1321 4049 1541 4115 titulis
1572 4049 1772 4113 codd.
1803 4048 1979 4114 Mas.
2012 4048 2219 4113 libelli
2262 4049 2653 4115 Suetoniani
2697 4047 2777 4112 de

658 4198 676 4223 ¹'
703 4192 918 4243 Suetou.
951 4192 1144 4245 Octav-
1171 4198 1254 4245 68.
1273 4208 1416 4262 seqq.
1477 4195 1643 4246 Tacit.
1790 4202 1809 4228 ⁶
1834 4194 1993 4247 Iliad.
2016 4201 2211 4247 mew-

593 4268 778 4317 Auual.
803 4282 839 4317 ι.
861 4272 912 4319 6.
932 4282 1078 4333 seqq.
1792 4272 1809 4303 ²
1840 4270 2249 4323 Sueton.Tiber.
2266 4274 2347 4321 21.
2424 4314 2431 4321 .
