2858 4782
645 413 905 460 SUPPL.
953 413 1034 460 m
1085 415 1158 473 Q.
1203 415 1552 466 culmum
1606 417 1753 465 ms.
1802 420 1851 466 1.
2248 405 2336 470 85

127 555 351 632 ipsum,
395 569 588 631 neque
624 551 686 610 in
723 573 836 612 nos
874 555 1153 614 conviciis
1183 573 1314 615 esse
1341 565 1803 634 temperaturos:
1846 578 1983 618 nam
2017 561 2115 638 qui
2144 560 2336 640 pudo·

127 667 253 708 rem
281 657 763 719 consumserunt,
785 648 930 726 quid
957 650 1274 728 loquantur
1297 661 1400 710 aut
1423 651 1649 712 faciant
1669 672 1881 731 parum
1900 657 2069 733 pensi
2092 657 2337 730 habent,

129 742 276 802 dum
305 742 522 822 cupitis
549 745 868 822 potiantur.
951 747 1012 804 2.
1055 745 1176 804 Sed
1205 745 1288 804 illi
1317 745 1579 823 quidem,
1612 747 1661 806 si
1688 749 1839 807 bene
1861 769 1966 808 vos
1997 751 2154 820 novi,
2182 751 2337 810 The-

127 839 296 908 bani,
341 856 450 916 spe
479 857 590 898 sua
617 840 850 917 egregie
879 839 1038 908 falsi,
1081 840 1326 916 dignum
1373 840 1589 900 virtute
1632 853 1831 902 vestra
1874 845 2337 924 Graecorumque

128 933 398 994 moribus
445 952 796 1012 responsum
845 932 924 992 ad
967 933 1360 994 Macedonem
1407 935 1696 996 referent:
1740 957 1847 996 vos
1892 951 2087 998 autem
2122 939 2200 999 ad
2244 958 2335 1010 ea,

129 1048 268 1106 quoe
320 1049 484 1090 nunc
529 1029 765 1108 agenda
809 1040 968 1102 sunt,
1011 1029 1271 1088 animum
1315 1029 1633 1109 diligenter
1682 1031 2009 1093 advertite:
2094 1043 2152 1095 3.
2196 1053 2335 1094 nam

128 1133 468 1184 vestrorum
489 1143 726 1204 quoque
747 1125 1118 1203 negotiorum
1143 1145 1432 1185 summam
1458 1146 1616 1186 nunc
1646 1129 1742 1206 agi
1770 1129 1913 1207 ipsis
1942 1149 2132 1189 rerum
2164 1149 2338 1208 argue

131 1218 352 1278 mentis
389 1218 796 1291 ostendemus,
837 1238 958 1278 non
1007 1221 1314 1282 verborum
1361 1223 1702 1301 praestigiis,
1744 1225 1961 1303 quibus
2010 1225 2110 1283 isti
2151 1226 2337 1292 vereri

131 1335 194 1375 se
219 1313 440 1374 dicunt
466 1335 542 1374 ne
571 1315 904 1395 capiamini.
964 1319 1027 1378 4.
1065 1317 1186 1378 Sed
1215 1317 1459 1396 quando
1490 1319 1575 1378 sic
1606 1337 1714 1396 pro
1740 1321 1903 1380 vobis
1937 1330 2075 1378 sunt
2103 1319 2338 1390 soliciti,

129 1421 368 1487 ponant
395 1423 640 1484 metum,
667 1411 811 1470 nihil
841 1411 1122 1472 faciemus
1149 1431 1272 1490 quo
1291 1413 1727 1492 eloquentiores
1750 1415 2088 1476 videamur:
2118 1395 2335 1474 malam

129 1504 500 1585 quandoque
527 1525 770 1567 causam
795 1505 1023 1585 adjuvit
1041 1507 1355 1568 facundia:
1389 1510 1492 1568 ubi
1519 1509 1739 1570 nudam
1756 1509 2057 1570 veritatem
2082 1509 2335 1589 spectari

128 1597 390 1661 dicentis
417 1601 686 1674 interest,
724 1604 902 1662 verba
931 1622 1104 1663 nemo
1132 1603 1391 1681 prudens
1421 1605 1729 1683 appendit.
1829 1607 1889 1664 5.
1934 1604 2063 1662 Nec
2086 1603 2162 1662 de
2192 1603 2335 1662 Phi-

127 1693 296 1775 lippo
323 1695 701 1766 laboramus-3
745 1699 823 1758 sit
871 1718 1017 1760 sane
1062 1718 1168 1778 per
1195 1721 1306 1760 nos
1334 1701 1569 1778 qualem
1600 1700 1699 1760 isti
1738 1701 2003 1778 fingunt:
2048 1699 2127 1757 sit
2154 1698 2332 1758 etiam

125 1791 401 1869 pulcher,
442 1792 751 1871 eloquens,
797 1803 976 1873 atque
1005 1797 1157 1856 adeo
1201 1795 1261 1854 in
1299 1795 1585 1856 conviviis
1616 1795 1793 1854 etiam
1820 1793 2063 1862 hilaris;
2106 1813 2243 1852 nam
2274 1801 2336 1852 et

123 1885 268 1945 hinc
297 1906 436 1948 eum
465 1887 952 1948 commendavere
981 1889 1221 1968 quidam
1245 1909 1261 1956 ς
1307 1889 1460 1948 adeo
1499 1889 1735 1950 inanem
1762 1909 1918 1948 verse
1948 1887 2153 1968 gloriae
2184 1889 2333 1947 fate·

123 1983 369 2042 bantur..
453 1984 515 2042 6.
557 1983 836 2044 Ceterum
882 1984 1114 2064 legatos
1157 1986 1283 2064 ejus
1329 1986 1503 2044 miror
1531 2004 1605 2043 ea
1630 1984 1855 2044 civitati
1884 1993 2105 2042 nostrae
2133 2001 2331 2042 coram

123 2078 299 2136 vobis
348 2075 660 2154 objecisse,
699 2099 836 2158 quae
887 2080 937 2138 si
985 2080 1232 2140 crimina
1273 2090 1432 2150 sunt,
1469 2097 1589 2136 non
1631 2077 1822 2156 magis
1851 2077 2333 2160 Atheniensibus,

121 2192 312 2252 quam
337 2171 656 2244 Thebanis,
683 2172 1062 2234 defendenda
1089 2193 1242 2246 esse,
1271 2175 1332 2232 in
1363 2173 1643 2234 confesso
1672 2183 1765 2232 est
1789 2192 1805 2230 ε
1848 2172 2145 2251 popularis
2174 2174 2332 2231 enim

125 2279 324 2330 status
359 2265 734 2328 incommoda
760 2269 1104 2346 exagitant:
1147 2289 1285 2346 quae
1330 2267 1472 2327 licet
1521 2287 1639 2328 non
1686 2257 2028 2345 ignoremus
2078 2267 2334 2344 utrique,

123 2375 332 2431 tamen
358 2363 522 2442 regio
551 2362 881 2424 dominatui
911 2363 1116 2425 merito
1145 2363 1535 2443 praeferimus.
1622 2366 1680 2423 7.
1714 2362 1899 2442 Atqui
1926 2361 2010 2421 illi
2038 2363 2124 2423 sic
2148 2361 2332 2422 locuti

123 2470 293 2534 sunt,
338 2468 624 2538 tanquam
649 2460 710 2518 in
739 2460 974 2520 circulis
1002 2470 1062 2520 et
1087 2460 1368 2520 conviviis
1399 2459 1803 2521 Macedonum
1834 2457 2171 2517 adulatione
2198 2477 2332 2535 gra-

124 2557 269 2615 tiam
319 2564 696 2633 quaererent:
755 2574 876 2613 non
919 2555 1080 2633 apud
1125 2556 1367 2615 liberam
1417 2554 1713 2614 civitatem
1763 2553 1958 2613 officio
2004 2552 2345 2631 legatorum.

123 2652 540 2729 fungerentur.
623 2652 684 2709 8.
716 2652 946 2711 Scimus
979 2652 1220 2731 quidem
1244 2670 1449 2730 regum
1477 2652 1889 2728 regiorumque
1909 2647 2333 2725 mancipiorum

125 2743 419 2805 adversus
447 2757 661 2823 gentes
699 2747 992 2824 urbesque
1035 2747 1252 2805 liberas
1301 2744 1627 2825 pertinacia
1670 2744 1842 2812 odia;
1886 2754 1947 2803 et
1993 2741 2335 2821 simpliciter

123 2840 404 2901 fecerunt
425 2840 545 2910 isti,
586 2840 688 2916 qui
734 2840 1060 2919 detegunt:
1105 2840 1212 2901 sed
1257 2860 1330 2901 eo
1369 2840 1559 2917 magis
1590 2837 1977 2899 annitendum
2006 2836 2178 2895 nobis
2218 2847 2333 2921 est,

123 2934 424 3005 Thebani,
465 2944 536 2993 ut
570 2934 709 3011 jura
752 2935 1036 3013 legesque
1079 2944 1314 2994 nostras
1362 2945 1653 2992 tueamur.
1758 2932 1817 2989 9.
1878 2931 1959 2989 Et
2004 2929 2334 3009 optandum

123 3030 402 3110 inprimis
431 3040 614 3103 esset,
652 3040 723 3090 ut
763 3032 864 3110 qui
915 3030 1333 3111 rempublicam
1367 3027 1707 3106 attigerunt,
1748 3026 1819 3088 iis
1848 3045 2027 3085 unum
2058 3024 2333 3105 idemque

125 3124 589 3204 pulcherrimum
611 3135 912 3186 certamen
941 3128 1114 3199 foret,
1154 3124 1396 3206 quinam
1432 3123 1652 3183 rectius
1695 3120 1921 3182 civitati
1963 3140 2089 3181 sum
2116 3140 2333 3183 consu-

123 3220 344 3293 lerent,
409 3232 516 3279 aut
569 3222 845 3281 consulta
893 3240 1361 3300 exequerentur:
1427 3237 1602 3279 nemo
1650 3216 1983 3279 communia
2023 3217 2338 3279 commoda

125 3316 523 3397 posthaberet
568 3315 847 3393 privatim
889 3335 1064 3377 nemo
1109 3316 1406 3393 acciperet
1434 3332 1717 3379 munera;
1760 3332 1936 3373 nemo
1962 3311 2207 3372 istorum
2232 3331 2334 3393 ex-

127 3412 330 3492 emplo
377 3410 629 3493 patriam
675 3410 951 3491 Philippo
997 3408 1294 3490 proderet.
1409 3411 1507 3469 10.
1548 3408 1791 3479 Verum,
1845 3406 2133 3478 Thebani,
2189 3404 2335 3466 nulli

125 3525 397 3585 unquam
431 3524 552 3564 uon
579 3504 801 3565 civitati
830 3504 1028 3579 modo,
1079 3503 1184 3563 sed
1223 3502 1402 3563 etiam
1429 3502 1674 3573 homini,
1700 3502 1931 3579 integra
1957 3502 2333 3579 perfectaque

127 3603 388 3665 felicitas
417 3600 670 3678 obtigit:
711 3599 1090 3659 beatissimus
1136 3599 1408 3670 babetur,
1448 3596 1619 3677 cujus
1662 3598 1900 3657 fortuna
1928 3594 2230 3654 minimum
2256 3612 2335 3653 ex

125 3697 388 3757 adverso
413 3694 616 3754 trahit.
705 3696 798 3755 11.
829 3694 1029 3757 Malos
1059 3708 1256 3754 autem
1285 3694 1457 3753 nobis
1474 3694 1637 3752 cives
1666 3710 1799 3752 esse
1826 3690 2117 3751 neminem
2146 3688 2332 3767 sugit:

129 3810 207 3850 ne
233 3809 348 3851 vos
374 3788 616 3867 quidem
642 3788 936 3861 caruistis,
967 3800 1072 3849 aut
1099 3789 1335 3863 caretis,
1357 3788 1657 3849 Thebani:
1702 3806 1841 3846 nam
1869 3786 1997 3845 sine
2038 3803 2111 3843 eo
2149 3794 2333 3856 esset,

125 3906 250 3945 non
267 3884 402 3963 jam
433 3882 661 3942 Elateoe
687 3882 997 3963 Philippus
1024 3883 1280 3944 libertati
1306 3893 1529 3943 nostrae
1556 3882 1766 3961 plagas
1788 3878 2089 3946 tenderet;
2121 3878 2230 3939 sed
2256 3878 2334 3941 de

125 4000 317 4059 regno
347 3976 730 4039 Macedoniae
757 3980 1066 4039 nobiscum
1095 3980 1447 4040 decertaret.
1559 3979 1653 4035 1⁴2.
1712 3976 2019 4035 Habemus
2042 3984 2243 4035 tamen
2272 3986 2335 4035 et

127 4078 358 4141 bonon
405 4091 626 4151 eosque
670 4072 870 4151 plures
913 4074 1108 4147 malis,
1153 4084 1216 4135 et
1257 4073 1539 4153 potiores.
1620 4073 2051 4150 Argumentum
2086 4070 2287 4149 poscis
2306 4069 2335 4127 ‘i

121 4170 299 4235 liberi
329 4186 580 4231 sumus:
623 4186 746 4229 non
775 4169 1062 4233 servimus
1092 4169 1394 4249 Philippo,
1424 4168 1584 4230 sicut
1608 4176 1695 4239 tu,
1725 4165 1984 4246 Python,
2014 4166 2330 4246 Byzantio·
