2858 4782
467 357 598 424 140
1259 371 1318 418 r.
1365 367 1868 419 snmusnnmn

469 512 742 574 exhausti
787 509 1074 591 fractique
1117 529 1252 570 cum
1296 510 1431 590 ipsa
1474 509 1618 568 urbe
1642 507 1706 566 in
1734 507 1973 569 victoris
2020 507 2321 571 arbitrium
2368 509 2670 571 eoncede-

469 620 641 679 rent;
683 607 812 681 sed,
841 606 982 668 dum
1033 605 1258 685 aliquid
1285 605 1500 666 virium
1524 613 1883 683 superesset,
1910 621 2047 664 cum
2066 604 2275 666 robore
2314 604 2671 666 conductitii

467 703 667 764 militis
693 702 1142 782 erumpendum,
1169 711 1232 761 et
1257 698 1555 760 alacribus
1591 698 1800 759 animis
1840 717 1978 758 cum
2006 699 2181 760 hoste
2218 697 2669 778 confligendum

467 817 624 860 esse.
681 803 744 860 ’1.
785 797 1117 858 Consilium
1145 815 1341 868 suum,
1364 812 1488 874 quo
1515 794 1574 852 in
1604 794 1865 873 speciem
1892 794 2181 855 audacius
2214 805 2400 867 esset,
2426 813 2506 855 eo
2530 794 2669 874 plus

465 893 528 953 in
553 893 904 973 exequendo
929 891 1232 953 facilitatis
1271 890 1609 950 habiturum
1628 889 1961 950 zaehostibus
2002 890 2159 950 enim
2188 891 2305 949 alia
2330 889 2538 950 omnia
2572 909 2673 949 ex-

463 990 863 1070 pectantibus,
898 998 963 1048 et
989 987 1274 1049 adversus
1301 1005 1509 1048 casum
1535 985 1612 1044 de
1636 1005 1761 1064 quo
1787 986 1933 1045 nibil
1960 985 2301 1046 dubitarent
2334 985 2671 1064 imparatis,

464 1084 842 1164 superfusum
867 1083 938 1145 iri
963 1083 1147 1145 suos.'
1228 1084 1288 1143 8.
1332 1082 1546 1161 Neque
1588 1081 1896 1154 Memnon,
1936 1099 2278 1162 quanquam
2317 1090 2502 1142 cauta
2526 1099 2675 1141 con·

465 1179 601 1241 silis
641 1180 924 1260 speciosis
961 1179 1236 1259 praeferre
1283 1176 1522 1251 solitus,
1547 1176 1793 1244 restitit:
1836 1195 1973 1236 nam
2015 1177 2245 1237 etiamsi
2290 1175 2437 1235 nibil
2486 1193 2673 1236 nova-

464 1284 646 1347 retur,
671 1274 840 1334 nulla
883 1273 1216 1354 propinqua
1254 1271 1455 1333 auxilii
1500 1289 1630 1350 spe,
1657 1271 1885 1332 tristem
1927 1269 2259 1332 obsidionis
2284 1271 2515 1332 exitum
2541 1271 2673 1331 fore

466 1368 898 1447 prospiciebatz
941 1378 1023 1441 et,
1041 1366 1196 1429 utin
1223 1376 1394 1427 tanto
1439 1365 1796 1437 discrimine,
1824 1384 1947 1427 non
1973 1365 2377 1427 inconsultum
2404 1366 2671 1437 rebatur,

465 1464 714 1542 experiri
739 1463 926 1524 virum
975 1481 1193 1535 acrem,
1221 1471 1284 1524 et
1316 1461 1418 1542 qui
1443 1461 1607 1522 velut
1651 1461 1937 1522 instinctu
1972 1461 2233 1542 quodam
2278 1459 2359 1522 ad
2398 1471 2673 1523 extrema

467 1557 748 1620 audenda
771 1569 1065 1640 ageretur.
1145 1561 1207 1620 9.
1249 1559 1440 1639 Igitur
1482 1557 1811 1641 Ephialtes,
1843 1558 2077 1619 duobus
2113 1556 2369 1617 millibus
2396 1574 2479 1616 ex
2504 1557 2669 1616 omni

465 1655 954 1716 mercenariorum
981 1671 1226 1716 numero
1267 1655 1541 1730 delectis,
1571 1661 1591 1692 ⁴
1612 1656 1777 1715 faces
1806 1653 1965 1716 mille
2002 1673 2211 1734 parare
2233 1652 2252 1680 ¹
2282 1653 2478 1732 jubet,
2506 1656 2531 1687 ‘
2560 1649 2673 1731 pri·

465 1767 681 1828 maque
706 1751 839 1811 luce
875 1750 1113 1824 adesse,
1141 1761 1203 1811 et
1239 1761 1499 1814 armatos
1544 1760 1860 1831 expectare
1898 1748 2247 1830 imperium!
2326 1749 2549 1832 Coepta
2574 1747 2671 1808 die

466 1863 604 1905 cum
628 1845 965 1907 Alexander
988 1846 1200 1907 iterum
1227 1865 1396 1907 muro
1422 1847 1679 1908 lateritio
1705 1845 2013 1907 machinas
2040 1843 2451 1918 admovisset,⁶
2478 1846 2671 1906 insta·

465 1949 710 2018 rentque
738 1938 1106 2001 Macedones
1147 1940 1333 2020 operi,
1376 1941 1685 2020 Ephialtes
1726 1951 1902 2020 porta
1927 1941 2124 2002 subito
2167 1942 2469 2022 patefacta
2496 1941 2673 2001 dimi-

467 2031 629 2094 dium
659 2051 900 2095 suorum
926 2035 1188 2097 immittit
1206 2055 1342 2098 cum
1369 2038 1620 2112 facibus,
1657 2036 1788 2117 ipse
1808 2057 1943 2098 cum
1972 2037 2183 2099 ceteris
2210 2036 2402 2097 denso
2428 2038 2669 2118 agmine

469 2128 868 2208 subsequitur,
895 2141 963 2190 ut
987 2128 1194 2191 hostes
1233 2130 1577 2192 incendium
1616 2131 2009 2211 prohibituros
2058 2141 2477 2192 summoveret.
2569 2133 2666 2191 10.

467 2223 824 2296 Alexander,
845 2224 1148 2286 intellecto
1161 2225 1309 2305 quid
1325 2237 1619 2306 ageretur,
1636 2225 1823 2286 aciem
1846 2226 2111 2287 celeriter
2121 2227 2377 2300 instruit,
2396 2226 2668 2287 subsidia

466 2318 700 2379 delecto
730 2319 914 2380 milite
941 2320 1169 2379 firmat:
1214 2325 1232 2354 ⁴
1261 2338 1515 2401 cumque
1542 2319 1695 2380 alios
1722 2320 1802 2380 ad
1830 2320 2295 2401 extinguendum
2320 2322 2524 2401 ignem
2552 2323 2637 2382 ire
2656 2325 2673 2350 ³

457 2414 758 2493 jussisset,
783 2416 846 2475 in
873 2434 976 2477 eos
1003 2416 1104 2495 qui
1130 2433 1267 2475 cum
1295 2416 1573 2497 Ephialte
1600 2414 1965 2477 advenerant
2000 2416 2299 2497 impeturn
2310 2416 2475 2477 facit.
2568 2418 2661 2479 11.

361 2572 366 2581 ‚
465 2510 550 2569 At
571 2509 674 2570 ille
699 2510 918 2591 insigni
943 2512 1206 2589 corporis
1235 2511 1467 2582 robore,
1480 2520 1779 2591 quotquot
1804 2510 2073 2570 conferre
2093 2509 2307 2588 pedem
2336 2511 2663 2584 audebant,

467 2606 849 2679 obtruncans,
877 2623 1020 2664 suos
1039 2622 1208 2679 voce,
1229 2615 1402 2677 nutu,
1429 2617 1493 2667 et
1516 2604 1781 2684 inprimis
1809 2604 2085 2684 exemplo
2126 2604 2203 2665 ad
2230 2602 2508 2666 virtutEm
2538 2608 2665 2667 aui·

465 2702 702 2761 mahat:
741 2718 934 2780 neque
955 2717 1163 2781 parum
1191 2698 1479 2759 molestim
1506 2716 1543 2758 e
1569 2699 1753 2759 muris
1790 2698 2175 2759 exhibebatur
2199 2698 2360 2758 hosti
2382 2719 2400 2759 z
2440 2701 2664 2781 quippe

463 2808 684 2857 turrem
727 2807 967 2857 centum
1007 2794 1337 2855 cubitorum
1383 2792 1615 2853 obsessi
1660 2803 1989 2867 erexerant,
2028 2794 2456 2874 tormentisque
2502 2814 2665 2857 com·

466 2890 641 2952 mode
687 2890 988 2971 dispositis
1029 2888 1236 2952 hastas
1274 2899 1336 2950 et
1371 2906 1519 2949 saxa
1554 2888 1997 2967 jaculabantur.
2086 2890 2184 2952 12.
2228 2888 2389 2950 Inter
2427 2890 2565 2953 boec
2590 2908 2664 2951 ex

465 2986 701 3047 diversa
751 2996 919 3065 parte
957 2987 1120 3046 urbis
1161 2986 1307 3067 (ipsi
1356 2991 1374 3020 ‘
1398 2984 1683 3066 Tripylon
1702 2983 1723 3012 '
1769 2984 2090 3059 vocabant)
2128 2982 2287 3044 duce
2339 2986 2663 3047 Memnone

464 3081 618 3141 alius
643 3080 1070 3159 oppidanorum
1099 3078 1360 3159 globus}
1383 3098 1503 3158 qua
1528 3080 1767 3140 minime
1792 3080 2237 3158 expectabatur,
2264 3080 2494 3160 erupit=
2524 3092 2657 3143 tan-

464 3187 680 3253 tusque
707 3175 992 3235 tumultus
1020 3175 1266 3235 incessit
1291 3174 1526 3246 castris,
1554 3186 1623 3235 ut
1645 3177 1773 3255 ipse
1802 3174 1980 3235 etiam
2006 3193 2111 3233 rex
2138 3174 2369 3236 consilii
2400 3170 2659 3238 incertus

465 3263 836 3330 efficeretur!
911 3268 1034 3328 Sed
1063 3268 1242 3329 anirni
1267 3268 1696 3347 magnitudine,
1710 3279 1775 3330 et
1796 3268 2144 3349 opportunis
2174 3270 2432 3349 imperiis
2459 3272 2659 3332 omnia

463 3362 726 3444 pericula
743 3362 1158 3445 propulsabam
1201 3374 1264 3425 et
1290 3363 1532 3423 fortuna
1570 3362 1630 3422 in
1660 3374 1922 3443 tempore
1950 3364 2245 3425 subvenit.
2332 3368 2425 3426 13.
2470 3366 2659 3445 Igitur

463 3471 526 3522 et
571 3460 673 3539 qui
718 3460 1026 3521 machinas
1071 3458 1478 3531 incenderant,
1520 3476 1559 3519 a
1604 3458 2036 3521 Macedonibus
2082 3461 2187 3540 qui
2228 3460 2309 3520 ibi
2348 3462 2657 3532 curabant,

464 3556 684 3635 quique
711 3573 747 3615 a
773 3572 914 3633 rege
961 3555 1125 3615 missi
1173 3554 1441 3616 subsidio
1469 3566 1771 3629 venerant,
1800 3574 1935 3616 cum
1976 3575 2197 3636 magna
2235 3556 2409 3617 clade
2435 3556 2656 3637 repulsi

463 3661 641 3718 sunt3
683 3658 746 3709 et
773 3649 1149 3710 Memnonem
1192 3650 1553 3711 Ptolemaeus
1584 3650 1821 3731 excepit
1858 3650 2117 3731 Philippi
2142 3652 2319 3724 filius,
2346 3652 2487 3731 regii
2524 3654 2656 3713 'cor-

461 3745 622 3823 poris
648 3755 873 3819 custos,
899 3756 1115 3824 proeter
1142 3748 1440 3827 propriam
1480 3765 1719 3808 manum
1750 3746 1961 3807 Addaei
1998 3747 2421 3826 Timandrique
2445 3748 2657 3808 cobor-

461 3840 621 3900 tibus
677 3842 966 3920 stipatus:
995 3850 1022 3887 ⁸
1069 3843 1164 3901 14.
1206 3860 1394 3920 eaque
1448 3852 1615 3921 parte
1668 3842 1907 3921 egregie
1952 3842 2221 3903 vicerunt
2273 3841 2655 3912 Macedones,

459 3954 800 4015 quanquam
872 3936 1261 3998 Ptolemmum
1313 3935 1751 4014 Addeeumque,
1808 3946 1871 3997 et
1944 3937 2378 4018 sagittariorum
2442 3936 2653 3997 ducem

522 4092 549 4126 ο
582 4090 790 4142 Antan.
817 4096 961 4143 nas.
1427 4064 1445 4076 ”
1665 4092 1689 4125 r
1714 4093 1875 4144 moe.
1898 4093 1991 4146 1.1.

525 4174 549 4205 ·
582 4164 662 4217 Id.
683 4165 722 4218 1.
749 4166 786 4217 1.
1666 4176 1692 4213 r
1723 4167 1931 4220 Arrian.
1952 4170 1989 4219 1.
2012 4170 2048 4218 Ι.
