2858 4782
2232 309 2364 375 311

150 493 338 557 gene,
358 470 793 539 incolentium
810 474 1050 546 terras,
1066 487 1238 558 quas
1268 487 1444 534 nunc
1467 466 1731 547 Parthi,
1755 468 2036 553 Scythia
2059 468 2368 552 profecti,

155 581 405 652 tenent,
430 570 837 639 claudebant
862 591 1120 654 agmen.
1208 570 1389 635 Haec
1420 566 1724 639 sinistri*
1767 590 1976 637 cornu
2006 570 2188 635 acies
2218 570 2366 636 fuit.

154 677 261 741 12.
306 676 643 744 Dextrum
672 675 938 740 tenebat
963 674 1147 737 natio
1172 672 1460 757 majoris
1480 670 1844 751 Armeniae,
1869 670 2292 755 Cadusiique
2313 668 2369 754 3¹

155 773 635 863 CappadoceS,
681 784 751 843 et
794 775 948 860 Syri
993 781 1062 841 et
1114 773 1343 839 Medi:
1387 774 1496 839 his
1545 794 1810 859 quoque
1849 773 2087 840 falcati
2137 792 2368 839 currus

152 888 343 944 erant
372 880 893 965 quinquaginta.
980 876 1084 942 13.
1146 877 1429 942 Summa
1448 883 1491 912 ¹¹¹
1532 878 1742 943 totius
1789 876 2154 954 exercitus,
2184 877 2370 959 equi-

152 985 253 1046 tes
296 980 746 1063 quadraginta
789 980 1086 1065 quinque
1143 979 1388 1044 millia:
1455 977 1790 1063 pedestris
1842 978 2026 1043 acies
2075 977 2371 1042 ducenta

152 1082 371 1147 millia
397 1084 845 1169 expleverat„
906 1082 1069 1151 Hoc
1097 1082 1299 1147 modo
1330 1082 1642 1147 instructi
1681 1080 1915 1145 decem
1959 1078 2186 1145 stadia
2213 1098 2370 1161 pro·

153 1182 403 1249 cedunt
433 1205 461 1255 a
518 1184 830 1269 jussique
884 1190 905 1219 ‘
938 1182 1361 1263 subsistere,'
1429 1183 1669 1249 armati
1727 1182 1995 1249 bostem
2045 1188 2370 1267 expecta-

700 290 819 377 or..
864 327 1053 377 cxn.
1096 312 1162 377 2.
1234 328 1307 377 A.
1352 326 1476 377 on.
1526 326 1599 375 N.
1641 310 1796 376 331.

1080 1343 1456 1369 oeooaeeoom

156 1450 201 1495 1.
220 1444 564 1508 Parthia-um,
584 1452 641 1495 et
662 1446 988 1510 Parthoirum,
1010 1456 1088 1509 et,
1122 1446 1334 1497 subdito
1369 1446 1538 1497 litera!
1559 1447 1578 1495 ι’
1603 1453 1818 1511 puncto,
1860 1446 2151 1495 Parthorum
2165 1462 2186 1505 ,-
2218 1444 2372 1495 codd.

152 1509 345 1567 Medii,
370 1509 539 1571 nugo.
562 1514 709 1561 1584.
736 1514 879 1560 1588.
901 1514 1049 1561 1591.
1081 1518 1138 1562 et
1158 1511 1327 1563 Amst.
1352 1512 1726 1561 Parthicam-m
1747 1526 1767 1568 ,-
1801 1511 2036 1574 plerique
2056 1509 2212 1560 codd.
2245 1512 2374 1559 Per-

150 1574 361 1623 ίΙιοι-ιιιιι.
398 1574 629 1623 Florent.
651 1575 800 1625 Leid.
823 1575 975 1625 Voss.
995 1580 1045 1625 2.
1067 1583 1124 1625 et
1145 1576 1313 1640 Βοῦς.
1337 1581 1383 1624 1.
1403 1581 1454 1626 2.
1481 1576 1604 1624 Hoec
1625 1590 1666 1623 s.
1687 1590 1856 1623 cornus
1871 1592 1892 1634 ,·
1925 1582 1982 1623 et
2002 1574 2078 1623 sic
2103 1576 2156 1623 in
2174 1574 2368 1623 Fauch.

154 1639 243 1687 sed
280 1654 307 1686 s
344 1639 642 1701 exsculpto.
709 1638 863 1689 Voss.
896 1645 945 1690 1.
966 1640 1127 1701 facies
1150 1639 1409 1701 fitia—12
1442 1638 1666 1689 Theocr.
1693 1640 1860 1701 Bong.
1885 1640 2118 1688 Florent.
2143 1638 2293 1688 Leid.
2315 1644 2373 1686 et

150 1703 307 1753 Voss.
358 1708 403 1750 1.
442 1702 681 1753 imbuat.
715 1702 833 1753 Pal.
872 1708 921 1755 1.
955 1704 1281 1768 Cadwhiqnoe
1314 1710 1363 1755 et
1404 1706 1737 1767 Cappndoees;
1791 1702 1914 1753 Ald.
1957 1703 2126 1752 Colin.
2171 1702 2218 1751 G

152 1767 266 1816 Col.
312 1766 458 1815 Mer.
506 1776 563 1816 et
608 1766 732 1815 Bas.
781 1768 1061 1830 Coumque
1118 1770 1434 1833 Cappadoces,
1478 1768 1566 1817 abs
1605 1781 1670 1817 ue
1713 1767 2152 1829 interpunctione.

150 1834 201 1878 2.
241 1836 293 1879 et
332 1829 498 1887 δία-ἥ,-
547 1830 669 1879 Ald.
710 1830 877 1880 Colin.
917 1832 1121 1895 Grypb.
1161 1832 1275 1883 Col.
1310 1832 1450 1883 Mer.
1489 1838 1546 1881 et
1633 1845 1709 1881 as.
1746 1830 1902 1895 Syrti.
1953 1830 2182 1881 Floreat.
2219 1828 2370 1879 Leid.

150 1895 309 1944 Voss.
335 1898 387 1945 1.
411 1904 467 1943 et
488 1894 659 1958 Bong.
692 1909 751 1944 ac
774 1895 925 1945 Medi.
991 1896 1227 1946 Florent.
1266 1896 1415 1947 Leid.
1449 1897 1600 1947 Voss.
1639 1898 1689 1944 1.
1722 1898 1772 1944 2.
1801 1909 1969 1945 currus
1993 1896 2058 1944 L.
2079 1897 2370 1945 erana—13

154 1958 361 2008 Omnes
382 1957 541 2010 codd.
564 1972 685 2007 cum
706 1958 821 2009 Col.
842 1966 898 2009 et
918 1960 1055 2011 Mer.
1076 1960 1259 2023 concites
1280 1960 1454 2013 XLV.
1477 1960 1666 2009 omisso
1688 1959 1842 2009 millio
1855 1977 1875 2018 ,-
1907 1958 2029 2009 edd.
2051 1959 2218 2022 antiq.
2241 1956 2372 2021 squi-

152 2028 225 2072 tes
248 2022 419 2072 XLV.
441 2022 625 2081 millia:
673 2022 829 2085 vulgo
852 2030 975 2073 ante
1000 2024 1237 2073 Freinsb.
1256 2027 1436 2088 equites
1460 2024 1605 2073 CXL
1615 2024 1674 2073 V.
1693 2024 1862 2073 millia.
1912 2022 2049 2073 Vide
2083 2023 2212 2073 Not.
2245 2022 2371 2071 var.

154 2086 271 2136 Pal.
314 2092 366 2139 1.
398 2088 641 2150 pedestres
662 2088 789 2137 acies
820 2088 1024 2139 ducato
1046 2089 1197 2137 millia
1230 2090 1575 2151 expleverant,-
1610 2088 1755 2139 Pitb.
1790 2088 2023 2150 pedestris
2053 2102 2102 2137 a.
2136 2085 2376 2137 mntem

158 2151 259 2201 CC.
284 2152 648 2213 tumuerat
666 2168 687 2211 ,⁵
735 2152 850 2203 Col.
886 2156 1031 2203 15⁷9.
1064 2152 1233 2217 Lugd.
1259 2156 1407 2204 1584.
1433 2156 1580 2203 1588.
1605 2156 1749 2204 1691.
1784 2158 1842 2201 et
1862 2149 2032 2203 Amst.
2056 2153 2201 2202 1⁶21.
2225 2153 2372 2203 1628.

2270 1779 2374 1817 0⁸8.

1174 2312 1389 2365 NOTAE

156 2431 423 2490 terpretes
452 2423 523 2474 ob
553 2423 867 2474 manifestam
900 2425 1065 2474 Curtii
1090 2426 1223 2474 evor-

154 2501 426 2566 τιολσγω,
439 2500 526 2565 qui
541 2501 650 2564 jam
670 2507 777 2550 tum
797 2500 1092 2550 Parthorum
1104 2513 1224 2562 gea-

1302 2440 1422 2491 cap.
1449 2431 1498 2478 1.
1530 2427 1712 2477 Media
1735 2426 1824 2477 lib.
1847 2439 1903 2476 v.
1924 2441 2042 2490 cap.
2061 2429 2112 2476 8.

1366 2509 1401 2534 ¹¹²
1447 2501 1668 2563 Summa]
1733 2504 1834 2551 Vel
1879 2515 1984 2551 non
2023 2503 2234 2550 constat
2273 2497 2371 2548 sibi

2285 1701 2372 1765 pb.
2452 1726 2458 1745 .

156 2583 251 2628 tem
273 2579 456 2638 vocet,
487 2589 639 2641 quam
674 2573 903 2625 nondum
939 2587 969 2624 e
1008 2573 1225 2638 Scythis

158 2653 449 2718 profectam
494 2651 697 2702 videm
736 2650 985 2702 indicare.
1050 2651 1226 2715 Expe-

159 2731 270 2780 dita
292 2744 381 2780 res
403 2736 543 2778 esset
559 2727 604 2776 si
628 2729 947 2791 legeremus:
972 2739 1226 2790 qmnuae

160 2805 321 2856 Parni
352 2803 576 2870 Scythia,
605 2805 687 2866 ξε.
752 2803 837 2852 Sic
859 2803 995 2852 enim
1024 2816 1123 2852 nee
1144 2814 1225 2850 se-

160 2895 297 2945 cam,
318 2895 421 2932 nec
438 2895 558 2930 cuin
577 2878 813 2929 Historia
827 2884 1083 2941 pugnaret
1096 2877 1225 2928 Cur·
1244 2885 1247 2888 ’

160 2957 281 3020 tius,
304 2965 365 3006 nt
386 2954 653 3006 constabit
680 2967 745 3002 ex
766 2953 833 3002 iis
856 2967 973 3018 quae
992 2952 1223 3002 dicemus

157 3032 249 3083 lib.
274 3045 355 3082 vr.
375 3043 496 3094 esp.
514 3035 563 3080 2.

220 3107 247 3141 ¹¹
282 3105 413 3158 Hae
439 3101 651 3166 sinistri]
685 3101 937 3152 Arrianus
959 3101 1225 3166 aliquanto

161 3183 421 3234 diversam
441 3181 847 3246 descriptionem
870 3179 1082 3230 exhibet
1113 3185 1225 3229 tum

161 3261 378 3320 sinistri,
393 3266 505 3310 tnm
525 3256 700 3307 dextri
722 3268 899 3312 cornu,
916 3255 1228 3320 medioeque,

162 3350 315 3401 quam
338 3333 555 3385 Curtius
590 3345 693 3382 non
725 3331 927 3396 attigit,
947 3330 1097 3382 aciei.
1164 3330 1227 3380 In

164 3427 225 3464 ea
247 3411 605 3464 Graecinum
636 3407 945 3458 mercenarii
980 3405 1225 3457 Macedo-

165 3489 295 3538 nieae
332 3483 579 3550 phalangi
612 3483 861 3548 oppositi,
895 3496 1110 3547 quorum
1142 3481 1226 3532 bic

164 3563 304 3614 nulla
354 3559 569 3612 mentio.
648 3557 750 3607 Sed
793 3556 1011 3607 Arriano
1054 3557 1225 3620 potius

167 3637 505 3698 credendum,
526 3634 617 3700 qui
650 3648 797 3683 suam
831 3645 900 3683 ex
923 3631 1227 3683 Aristobulo

168 3711 575 3778 descriptionem
625 3709 855 3772 accepit,
905 3708 1070 3774 qualis
1110 3715 1228 3772 post

164 3803 388 3856 pugnarn
414 3794 622 3852 reperta
646 3783 838 3836 fuerat.

229 3865 243 3900 ¹
263 3859 579 3926 Cadusiique]
607 3861 837 3911 Coluisse
858 3859 1105 3910 dicuntur
1121 3860 1227 3910 Bo·

171 3942 359 3992 realem
384 3936 580 3988 Media
604 3942 805 4000 partem
838 3935 903 3984 ad
935 3949 1079 3986 mare
1101 3935 1228 3985 Cas-

172 4020 327 4082 pium,
346 4029 451 4082 qua
478 4011 761 4066 Ecbatanis
787 4011 891 4062 iter
910 4012 1065 4062 estin
1089 4011 1227 4076 Hyr·

172 4097 389 4153 caniani,
404 4100 465 4144 ut
482 4105 547 4141 ex
565 4088 787 4140 Arriano
802 4087 1116 4152 intelligitur
1138 4088 1229 4139 lib.

174 4183 254 4219 ιιι.
288 4165 629 4232 Cappadoces
646 4163 735 4214 lib.
752 4177 839 4214 ιιι.
871 4163 1021 4230 Syria
1040 4162 1132 4216 lib.
1148 4178 1225 4216 ιν.

1303 2577 1539 2641 Curtius,
1572 2579 1656 2628 vel
1691 2579 1852 2642 major
1869 2577 1974 2628 fuit
1995 2578 2198 2636 Persici
2223 2591 2379 2628 exer-

1303 2654 1438 2704 citus
1464 2668 1676 2704 summa.
1721 2652 1862 2704 Nam
1882 2653 1998 2718 ipse
2015 2669 2172 2720 supra
2187 2667 2305 2718 cap.
2324 2657 2375 2702 9.

1304 2729 1510 2780 dixerat
1531 2728 1746 2779 dimidio
1766 2728 1879 2779 fere
1909 2730 2158 2793 majorem
2183 2727 2268 2778 bic
2287 2742 2376 2777 eo·

1304 2806 1504 2869 piarum
1523 2817 1637 2854 esse
1649 2818 1938 2867 numerum,
1950 2819 2104 2868 quam
2121 2803 2185 2852 ad
2203 2802 2372 2851 Issum

1300 2879 1496 2937 fuerat,
1517 2879 1609 2930 ubi
1625 2893 1825 2929 summa
1842 2879 2108 2940 colligitur
2129 2884 2375 2926 trecenta

1306 2954 1550 3004 undecim
1585 2954 1750 3004 millia
1786 2953 2016 3004 ducenti.
2079 2952 2186 3004 Sed
2218 2966 2372 3016 qiiam

1304 3029 1585 3080 credibile‘
1602 3037 1685 3080 est
1726 3035 2000 3094 corruptas
2041 3042 2372 3078 numerorum

1303 3111 1474 3168 notas,
1522 3110 1630 3154 tam
1683 3102 1940 3155 incertum
1986 3103 2112 3169 quid
2157 3103 2371 3154 Curtius

1304 3179 1594 3245 scripserit.
1681 3179 1820 3229 Nam
1864 3149 2003 3244 qu&
2053 3177 2373 3230 Genevensls

1304 3255 1470 3306 editio
1515 3254 1635 3304 anni
1671 3258 1820 3305 1018.
1853 3262 2096 3305 numerat
2139 3256 2370 3319 equitum

1308 3335 1522 3382 146000.
1559 3331 1794 3396 peditum
1843 3335 2058 3382 600000.
2105 3343 2370 3382 numerum

1306 3410 1454 3463 illurn
1476 3409 1688 3460 dimidio
1709 3407 1822 3458 fere
1854 3408 2107 3471 majorem
2143 3416 2371 3470 superat.

1308 3485 1425 3538 Nec
1449 3484 1518 3534 de
1541 3485 1652 3548 ipsa
1673 3498 1733 3533 re
1751 3485 1916 3547 magis
1939 3498 2090 3548 quam
2114 3482 2184 3532 de
2201 3482 2371 3534 Curtii

1308 3572 1486 3616 mente
1539 3567 1765 3610 constat.
1841 3559 1979 3608 Ns·
2023 3555 2226 3621 equites
2275 3571 2370 3606 nu-

1305 3644 1476 3688 merat
1513 3636 1768 3688 Arrianus
1809 3637 1994 3684 40000.
2045 3630 2288 3684 Justinus
2315 3637 2370 3684 et

1308 3712 1528 3763 Orosius
1569 3714 1780 3761 100000.
1847 3708 2114 3758 Diodorus
2156 3710 2369 3757 200000.

1306 3787 1578 3838 Pedestris
1589 3800 1713 3835 vero
1723 3783 1858 3836 acies
1867 3783 2056 3834 Oresio
2065 3789 2145 3832 est
2155 3786 2372 3834 404000.

1306 3863 1517 3918 Justino
1531 3865 1745 3912 600000.
1779 3859 2010 3910 Diodoro
2029 3863 2241 3910 800000.
2267 3858 2369 3910 Ar·

1308 3939 1456 3994 rinno
1486 3941 1730 3988 1000000.
1795 3935 2106 3986 Plutarchus
2131 3938 2372 3986 universe

1310 4021 1415 4065 tam
1437 4014 1674 4077 equitum
1687 4025 1842 4076 quani
1861 4010 2095 4074 peditum
2111 4012 2187 4062 ait
2207 4011 2370 4064 fuisse

1309 4093 1554 4141 1000000.
1577 4088 1630 4138 in
1651 4100 1752 4152 quo
1780 4087 2058 4140 Arrianum
2093 4096 2150 4142 et
2177 4090 2371 4142 Diodo-

1309 4178 1423 4215 rum
1442 4164 1831 4216 consentientes
1852 4163 2029 4216 babet.
2347 4194 2356 4203 ·
