2858 4782
511 345 645 412 126
1302 359 1362 406 J.
1411 353 1915 404 nnntnsnnun
2016 409 2027 421 ‚

513 499 922 563 Ariobarzanis
950 515 1052 558 ora
1079 497 1446 566 referentem,
1472 495 1575 574 qui
1602 493 1880 574 Phrygioe
1902 491 2203 573 quondam
2230 503 2473 574 satrapa
2496 496 2717 556 fuerat.

512 602 588 660 3.·
620 597 808 676 quue
849 615 1020 656 omen
1077 595 1495 672 interpretatus
1544 591 1896 651 Aristander
1954 589 2289 650 ‘illustrem
2328 609 2404 650 ex
2454 594 2719 671 equestri

513 711 719 772 pugna
745 692 1048 752 victoriam
1067 689 1085 716 ⁹
1125 687 1473 768 promiserat
1503 686 1863 758 Alexandro,
1894 695 1911 724 ⁸
1932 687 2206 759 maxime,
2234 686 2285 746 si
2310 685 2475 745 haud
2504 689 2721 767 procul

516 790 775 870 Phrygia
804 786 1218 847 dimicaretur:
1263 783 1451 862 ipsius
1480 784 1657 842 etiam
1684 782 1897 844 dextra
1922 783 2179 842 nobilem
2207 783 2467 842 hostium
2498 782 2715 844 ducem

515 883 832 946 casurum!
912 883 1125 960 Neque
1152 879 1362 940 fefellit
1409 899 1577 959 spem
1624 880 1777 939 vatis
1820 890 2069 939 eventus
2120 877 2324 957 praelii,
2372 889 2722 958 stratusque

515 981 674 1060 regis
707 997 850 1040 ense
890 974 1280 1055 Spithridates
1311 973 1715 1054 praedictionis
1748 973 1929 1034 fidem
1972 974 2254 1053 implevit.
2332 977 2395 1033 4.
2442 976 2637 1054 Igitur
2666 985 2727 1035 et

517 1074 804 1155 templum
835 1071 1094 1132 donariis
1122 1066 1416 1148 exquisite
1444 1069 1671 1136 coluit:
1702 1083 1763 1130 et
1780 1070 1911 1142 Ilio,
1939 1067 2101 1148 quod
2128 1081 2254 1128 tum
2274 1067 2440 1130 haud
2464 1070 2721 1130 multum

517 1190 702 1250 supra
729 1169 946 1229 modici
975 1167 1115 1245 pagi
1145 1165 1400 1244 speciem
1429 1165 1745 1238 eminebat,
1777 1183 1990 1225 nomen
2010 1164 2171 1223 urbis
2194 1163 2426 1225 addidit
2448 1185 2465 1225 :
2486 1172 2513 1200 ⁸
2538 1177 2725 1244 utque

521 1266 586 1325 id
617 1285 752 1324 cum
783 1263 1069 1342 dignitate
1099 1271 1380 1332 tueretur,
1407 1259 1643 1338 reliquit
1671 1261 1775 1338 qui
1810 1259 2217 1320 instauranda:
2264 1259 2394 1339 ejus
2434 1261 2728 1341 amplian-

519 1361 736 1438 doeque
763 1377 962 1418 curam
995 1368 1281 1435 agerent:
1323 1355 1683 1432 liberamque
1722 1369 1785 1416 et
1838 1356 2153 1415 immunem
2200 1373 2334 1416 esse
2371 1357 2580 1434 jussit.
2666 1361 2729 1418 5.

519 1456 794 1532 Cumque
821 1452 1129 1512 delubrum
1173 1451 1320 1510 Deoe
1349 1469 1459 1529 pro
1486 1451 1769 1530 religione
1789 1451 1906 1511 loci
1930 1453 2103 1511 nimis
2130 1463 2449 1531 ang-ustum
2482 1455 2727 1532 neglec-

519 1561 764 1628 tumque
780 1549 1004 1609 videret
1021 1567 1040 1617 ς
1083 1547 1358 1606 eximium
1386 1546 1471 1605 illi
1510 1547 1795 1626 templum
1836 1559 2139 1608 exstruere
2186 1557 2396 1626 postea
2436 1553 2656 1610 statuit
2680 1553 2735 1610 :¹

519 1645 628 1706 sed
653 1644 768 1705 hoc
795 1643 1026 1722 aliaque
1072 1642 1388 1721 magnifica
1432 1640 1837 1715 meditantem,
1894 1643 2078 1702 fatum
2122 1643 2475 1723 occupavit:
2526 1665 2729 1724 neque

521 1759 896 1802 successores
943 1739 1175 1799 executi
1223 1747 1384 1797 sunt.
1468 1739 1528 1797 6.
1571 1737 1845 1798 Ceterum
1870 1737 1973 1798 illa
2008 1737 2251 1798 victoria
2289 1749 2477 1800 totam
2516 1741 2728 1802 Asiam

521 1837 610 1898 cis
655 1837 914 1896 Taurum
957 1845 1019 1894 et
1055 1833 1396 1911 Euphraten
1436 1834 1666 1912 aperuit
1690 1835 1837 1912 regi.
1920 1833 2171 1894 Attoniti
2196 1834 2499 1914 insperata
2526 1838 2729 1914 clade,

524 1950 646 1991 non
683 1929 872 2009 copiis
913 1927 1113 1998 modo,
1149 1926 1256 1988 sed
1285 1938 1348 1987 et
1375 1927 1625 1987 ducibus
1653 1929 1911 2001 amissis,
1958 1929 2183 1988 nullam
2224 1939 2629 2009 praeterquam
2670 1933 2727 1993 in

525 2025 843 2088 clementia
861 2024 1098 2084 victoris
1126 2041 1294 2101 spem
1316 2022 1651 2092 habebant:
1680 2041 1929 2103 eamque
1958 2024 2239 2083 festinata
2266 2023 2575 2086 deditione
2600 2047 2729 2088 cer·

523 2121 692 2182 tatim
717 2119 1038 2199 promereri
1067 2118 1445 2196 satagebant.
1502 2120 1562 2178 7.
1607 2117 1927 2197 Phrygiam
1955 2119 2182 2178 Arsites
2208 2118 2545 2178 voluntario
2568 2123 2731 2181 exitu

523 2225 768 2276 vacuam
800 2218 1056 2282 fecerat:
1101 2215 1155 2273 ei
1206 2211 1386 2273 Calas
1423 2213 1844 2274 Thessalorum
1894 2213 2107 2275 ductor
2146 2216 2559 2295 praeponitur?
2643 2219 2729 2276 Ex

523 2310 822 2372 montanis
851 2328 1088 2390 quoque
1115 2309 1261 2370 locis
1310 2310 1579 2388 plerique
1616 2309 2073 2382 descenderunt,
2120 2329 2305 2389 seque
2352 2321 2414 2370 et
2462 2329 2581 2371 sua
2627 2313 2729 2373 de-

525 2408 736 2469 dentes
763 2406 1104 2467 Alexandro
1129 2424 1147 2466 ι
1169 2424 1271 2466 eos
1288 2405 1348 2464 in
1368 2406 1543 2466 fidem
1563 2418 1841 2486 acceptos
1862 2408 2103 2466 domum
2130 2408 2383 2468 remisit:
2406 2406 2728 2490 Zelitisque

525 2504 770 2582 ignovit,
812 2522 964 2579 quos
1005 2522 1042 2560 a
1079 2501 1281 2561 Persis
1310 2512 1553 2563 coactos
1582 2502 1866 2562 adversus
1894 2503 2085 2581 ipsum
2114 2502 2403 2563 militasse
2428 2522 2731 2584 cognove-

528 2608 638 2657 rat.
723 2599 783 2656 8.
825 2598 1130 2657 Tributum
1167 2596 1440 2657 omnibns
1482 2598 1819 2677 impositum
1870 2608 1982 2671 est,
2028 2598 2191 2677 quod
2244 2596 2427 2657 Dario
2468 2601 2731 2679 pendere

527 2691 1021 2753 consuevissent:
1080 2692 1262 2770 idque
1315 2701 1527 2769 postea
1578 2703 1921 2753 constanter
1982 2692 2255 2764 servavit,
2310 2712 2446 2753 cum
2496 2710 2732 2755 ceteras

529 2788 692 2849 Asiae
739 2787 1012 2866 regiones
1067 2788 1384 2865 subigeret.
1472 2788 1665 2847 Omne
1712 2790 2085 2868 peregrinum
2134 2788 2437 2867 imperium
2487 2790 2729 2851 invidia:

529 2884 862 2962 subjectum
889 2902 1022 2943 esse
1067 2894 1332 2954 noverat,
1373 2883 1553 2944 etiam
1598 2902 1733 2943 cum
1782 2883 2111 2944 domestico
2154 2884 2351 2943 mitius
2398 2895 2531 2955 est:
2580 2898 2644 2947 at
2678 2888 2728 2947 si

525 2992 730 3039 vetera
771 2978 1138 3037 subditorum
1181 2995 1362 3037 onera
1405 2980 1574 3039 novis
1618 2978 2012 3051 cumulentur,
2038 2978 2474 3039 intolerandum
2502 2982 2728 3041 haberi.

527 3074 592 3133 9.
637 3073 825 3149 Igitur
870 3072 1132 3130 monenti
1157 3072 1417 3143 cuidam,
1445 3079 1462 3107 ⁸
1482 3071 1660 3150 longe
1687 3072 1823 3150 plus
1852 3072 2202 3132 tributorum
2230 3074 2727 3157 vectigaliumque

530 3184 606 3225 ex
641 3175 810 3223 tanto
863 3163 1107 3242 imperio
1157 3163 1344 3241 redigi
1390 3183 1569 3244 posse
1590 3166 1631 3231 ι’
1688 3166 2013 3245 respondit,
2070 3172 2091 3201 ‘
2112 3168 2289 3226 etiam
2344 3170 2614 3230 olitorem
2666 3192 2727 3230 se

531 3258 750 3331 odisse,
787 3258 890 3337 qni
936 3256 1219 3317 radicitus
1267 3258 1639 3319 exscinderet
1681 3256 1864 3329 olera,
1908 3280 2043 3339 qnoe
2092 3280 2331 3341 carpere
2380 3264 2733 3326 debuisset!

465 3368 470 3375 ·
537 3357 632 3414 10.
689 3353 1048 3434 Dascyleum
1085 3354 1360 3432 praesidio
1399 3353 1715 3415 Persarum
1761 3358 1947 3416 teneri
1990 3356 2327 3426 audiverat:
2370 3378 2443 3417 eo
2488 3360 2727 3423 Parme·

529 3450 764 3511 nionem
819 3446 1021 3523 misit,¹
1068 3470 1245 3529 quem
1301 3451 1581 3531 oppidani
1641 3454 1841 3513 statim
1896 3466 2287 3533 receperunt:
2336 3474 2472 3514 cum
2520 3459 2727 3518 audito

531 3547 935 3607 Macedonum
974 3543 1254 3618 adventu,
1283 3546 1487 3607 Persoe
1514 3547 1945 3608 excessissent:
1988 3550 2117 3626 ipse
2141 3548 2363 3608 Sardes
2391 3554 2731 3628 prot-casim

532 3654 714 3722 caput
731 3642 1012 3713 omnium,
1041 3660 1177 3720 qnoe
1205 3642 1500 3720 praefectis
1526 3662 1645 3711 orae
1668 3644 1976 3704 maritimae
1992 3643 2305 3703 Persarum
2326 3664 2497 3723 reges
2524 3667 2727 3726 parere

523 3740 849 3816 jusserant.
937 3738 1032 3795 ll.
1076 3736 1329 3814 Jamque
1356 3736 1519 3797 baud
1546 3738 1797 3817 amplius
1827 3740 2208 3818 septuaginta
2234 3740 2443 3800 stadiis
2471 3743 2547 3802 ab
2586 3746 2728 3804 urbe

536 3834 774 3899 aberat:
817 3850 954 3891 cum
1003 3831 1080 3890 ad
1121 3850 1254 3891 eum
1282 3830 1612 3893 Mithrenes
1638 3834 1819 3904 venit,
1840 3834 1938 3893 cui
1964 3834 2211 3894 tutelam
2238 3836 2388 3896 arcis
2417 3836 2733 3901 Sardianae

601 4012 623 4040 ⁶
653 4006 829 4056 Strab.
853 4008 888 4056 l.
911 4010 950 4057 l.
1736 4008 1762 4041 f
1788 4008 1869 4060 ld.
1892 4010 1929 4059 l.
1952 4012 1987 4060 l.

601 4079 626 4115 ‘¹
657 4080 820 4130 Diod-¹
837 4082 942 4133 Sic.
961 4096 1126 4135 xvm.
1146 4100 1196 4151 p.
1217 4088 1331 4137 62⁹.
1734 4092 1762 4127 τ
1796 4086 1876 4135 m.
1901 4086 1937 4135 l.
1962 4088 1997 4137 Ι.
2024 4086 2161 4137 Plut.
2184 4086 2337 4147 Alex.
2363 4103 2415 4154 p.
2436 4090 2553 4140 6⁸28.

601 4160 624 4186 θ
656 4154 862 4206 Arrian.
881 4169 919 4205 1.
941 4161 1020 4209 18.
