2858 4782
463 291 552 366 28
1268 311 1827 362 rnonncomms

464 457 670 520 tione.
761 459 782 490 ‘
811 453 1080 520 Filius’·
1103 473 1231 518 non
1271 462 1380 519 est
1422 459 1448 490 ⁶
1477 455 1831 519 successor
1876 450 2173 537 ejusdem
2217 449 2469 516 domus
2495 447 2516 479 ’
2554 470 2678 517 no·

463 556 831 634 minandus,
879 556 998 620 sed
1044 555 1274 638 potius
1318 558 1343 589 ‘
1371 555 1814 619 consobrinae²
1838 551 2017 617 filius
2041 553 2100 634 ς’
2142 553 2237 618 ita
2278 549 2679 616 enim*'Ha-

462 656 741 722 drianus
760 657 1037 741 junctus
1067 663 1212 722 erat
1235 655 1593 740 TraJanoam
2550 681 2557 686 ·

521 759 852 824 »Ceterum
879 759 1237 846 TrajanuS‚
1280 759 1395 841 qui
1437 775 1809 839 cog-nomen
1848 755 2107 838 Optimi
2136 753 2496 832 demeruit,
2524 755 2678 838 dig-

457 880 589 925 nus
617 862 888 944 quidem
919 860 1177 935 fuisset,
1206 879 1408 942 quem
1441 859 1720 922 summis
1744 857 2057 922 laudibus
2080 859 2342 922 ornaret
2368 854 2675 921 Curtius.

455 958 760 1025 Justitiae
803 961 975 1024 enim
1019 958 1135 1023 ille
1180 977 1262 1023 ac
1290 959 1469 1042 juris
1514 958 1782 1024 humani
1824 957 2161 1042 divinique
2202 963 2338 1021 tam
2366 953 2679 1040 repertor

455 1062 639 1141 novi,
691 1079 892 1146 quam
945 1059 1296 1124 inveterati
1344 1067 1581 1124 eustos
1626 1064 1819 1124 erat?
1906 1057 2045 1122 Sed
2066 1075 2177 1121 ·ea
2222 1058 2473 1122 merita
2534 1074 2674 1120 non

459 1167 666 1240 erant,
696 1179 851 1245 quae
881 1166 1120 1224 auctor
1146 1165 1375 1223 noster
1400 1159 1627 1224 verbis
1654 1158 1940 1223 extollit.
2001 1156 2068 1222 A
2096 1156 2399 1222 Cocceio
2428 1155 2675 1222 Nerva

463 1261 538 1324 in
565 1261 690 1326 filii
718 1260 942 1324 locum
968 1264 1172 1343 atque
1197 1265 1457 1342 partem
1498 1259 1760 1342 imperii
1788 1257 2156 1340 adoptatus
2170 1265 2201 1294 ⁰
2224 1257 2526 1324 militum
2566 1257 2676 1321 fu-

459 1359 678 1426 rorem
721 1365 1103 1443 motumque
1147 1359 1470 1425 bellicum
1514 1367 1917 1443 represserat
1954 1359 2251 1441 quidem,
2297 1359 2419 1423 sed
2478 1356 2672 1422 bella

457 1459 711 1539 civilia,
773 1479 932 1544 qnoe
989 1460 1278 1540 sedaret,
1333 1461 1537 1526 nulla-
1576 1467 1789 1526 erant.
1879 1458 2142 1523 Plinius
2202 1458 2549 1542 Panegyr.
2606 1461 2671 1522 5.

457 1562 750 1628 “Talem
801 1561 1000 1639 esse,'
1041 1563 1280 1646 inquit,
1329 1567 1352 1599 ⁴
1385 1563 1713 1646 oportuit,
1759 1579 1959 1644 quem
2002 1567 2136 1650 non
2183 1560 2367 1624 bella
2408 1559 2669 1635 civilia,

365 1717 370 1722 .
459 1682 586 1729 nec
626 1663 832 1730 armis
876 1680 1205 1747 oppressa
1256 1663 1697 1748 Respublica,
1744 1661 1864 1726 sed
1910 1679 2053 1743 pax
2082 1666 2152 1733 et
2185 1661 2555 1745 adoptatio
2602 1666 2673 1724 et

459 1762 725 1829 tandem
787 1770 1066 1830 exorata
1118 1765 1309 1829 terris
1367 1766 1643 1829 numina
1698 1761 2081 1827 dedissent.’·
2164 1761 2389 1826 Hunc*
2430 1761 2668 1826 locum

457 1873 636 1930 certe
659 1885 798 1928 -non
829 1865 1130 1949 inspexit
1158 1864 1532 1940 Pontanus,
1577 1882 1727 1928 eum
1774 1870 1995 1926 tamen
2031 1860 2332 1944 diligenti
2370 1863 2669 1928 lectione

456 1965 674 2031 libelli
715 1964 918 2049 hujus
963 1963 1258 2030 Pliniani
1287 1983 1364 2028 se
1384 1965 1629 2049 jactet,
1664 1981 1887 2047 neque
1937 1963 2228 2027 scribere
2270 1965 2664 2028 erubeseat:

458 2066 592 2130 nisi
619 2066 965 2134 attendere
994 2066 1196 2130 etiam
1229 2066 1447 2129 obiter
1472 2065 1703 2142 libeat,
1744 2083 1947 2148 quam
1992 2071 2155 2146 apte
2192 2064 2415 2128 verbis
2448 2063 2666 2128 Curtii

461 2169 767 2251 superius
788 2167 1086 2232 recitatis
1109 2167 1390 2250 Ttajani
1411 2165 1830 2250 respondeat
1855 2163 2233 2248 imperium,
2260 2165 2663 2249 imperiique

454 2269 745 2335 initium.
834 2269 944 2333 De
973 2288 1108 2352 quo
1140 2270 1368 2333 omnia
1394 2288 1551 2352 quae
1580 2267 1777 2332 velim
1809 2269 1878 2330 et
1904 2265 2054 2330 fuse
2078 2265 2164 2330 ad
2192 2265 2369 2330 hanc
2398 2285 2567 2345 rem,
2594 2267 2662 2329 in

453 2367 693 2435 illustri
723 2369 842 2436 illo
887 2389 1016 2437 suo
1055 2369 1142 2435 ad
1167 2369 1344 2435 hunc
1377 2367 1766 2453 Principem
1817 2367 2239 2451 Panegyrico
2287 2367 2490 2434 refert
2519 2367 2658 2433 Pli-

456 2470 612 2535 nius
639 2470 685 2535 J
689 2470 895 2536 unior.

486 2606 494 2619 ·
545 2569 909 2653 Imperium
959 2570 1365 2648 Romanum,
1409 2572 1595 2655 quod
1639 2570 1813 2636 vitio
1874 2578 1949 2635 et
1970 2604 1979 2613 ·
2002 2570 2244 2635 inertia
2302 2568 2658 2637 Caesarum

455 2672 656 2755 quasi
686 2678 1129 2737 consenuerat
1156 2675 1360 2755 atque
1391 2671 1773 2748 decoxerat,
1802 2670 2101 2754 Trajano
2151 2670 2474 2754 Principe
2519 2690 2661 2737 rur-

459 2790 579 2839 sus
605 2774 818 2839 movit
843 2773 1159 2850 lacertos,
1205 2778 1296 2849 et,
1325 2778 1569 2855 praeter
1599 2790 1788 2856 spem
1828 2770 2149 2850 omnium,
2189 2778 2503 2837 senectus
2530 2772 2657 2837 im-

452 2874 621 2959 perii
663 2874 865 2959 quasi
903 2872 1164 2939 reddita
1196 2872 1543 2957 juventute
1574 2874 1855 2939 reviruit
1896 2870 2220 2958 quiderm?
2262 2873 2380 2937 sed
2424 2872 2655 2950 filium,

455 2976 566 3039 eui
595 2974 855 3058 imperii
896 2981 1163 3056 sceptra
1203 2973 1549 3039 relicturus
1575 2978 1772 3052 esset,
1798 2992 2017 3058 neque
2052 2972 2413 3037 naturalem
2443 2993 2656 3059 neque

453 3075 852 3158 adoptatum
893 3072 1144 3138 habuit.
1232 3072 1402 3138 Sunt
1435 3073 1732 3156 quidem,
1778 3074 1895 3157 qui
1940 3078 2195 3157 putent,
2228 3072 2656 3141 Hadrianum

431 3170 840 3258 'adoptionis
873 3174 1024 3255 jure
1059 3172 1163 3237 illi
1213 3174 1651 3252 successisse,
1700 3172 1819 3239 sed
1864 3174 2018 3239 solo
2046 3171 2359 3257 Vopiseo
2386 3183 2657 3240 auctore

453 3278 558 3340 ita
581 3279 908 3352 statuunt,
937 3274 1055 3357 qui
1100 3276 1173 3339 in
1204 3272 1374 3339 Vita
1418 3272 1764 3339 Aureliani
1806 3292 1960 3357 cap.
2006 3276 2072 3339 4.
2112 3276 2424 3356 scripsit:
2468 3269 2652 3359 quod

455 3376 790 3442 Cocceius
823 3374 1052 3440 Nerva
1075 3374 1144 3440 in
1169 3374 1467 3459 TraJano
1496 3374 1912 3459 adoptando,
1948 3378 1970 3409 ‘
2000 3374 2181 3458 quod
2212 3374 2460 3459 Ulpius
2486 3376 2652 3442 'rra-

448 3476 659 3563 janus
687 3478 758 3541 in
785 3475 1181 3553 Hadriano,’
1213 3479 1333 3542 διο.
1420 3474 1742 3543 Attamen
1770 3476 2159 3541 testimonia
2186 3474 2463 3542 aliorum
2490 3475 2649 3541 huie

451 3580 548 3643 rei
577 3576 1064 3643 contradicunt.
1137 3578 1254 3642 Sic
1283 3578 1567 3662 Eutrop.
1594 3594 1639 3640 -v
1650 3594 1762 3642 111.
1792 3578 1859 3643 3.
1930 3580 1953 3613 ‘
1979 3574 2323 3642 Defuncto
2351 3576 2648 3663 'Pi-ajano

455 3680 682 3746 AElius
727 3678 1120 3744 Hadrianus
1161 3686 1433 3745 creatus
1472 3687 1584 3745 est
1612 3682 1948 3763 princeps,
1978 3678 2125 3742 sine
2161 3678 2395 3761 aliqua
2418 3678 2649 3744 volun-

452 3787 602 3847 tate
653 3780 971 3865 Trajani3
1015 3780 1136 3845 sed
1181 3799 1451 3865 operam
1494 3782 1697 3851 dante
1740 3780 2033 3856 Plotina,
2082 3778 2361 3862 Trajani
2410 3796 2647 3843 uxore.

519 3958 558 3985 Ι·
588 3951 806 4013 Eutrop.
830 3964 955 4002 vm.
976 3956 1028 4002 4.
1595 3952 1793 4004 nandes
1830 3951 1900 4001 de
1934 3952 2229 4017 Regnorum
2260 3960 2317 4003 et
2340 3954 2645 4019 ‘temporum

521 4034 547 4061 ⁸
581 4026 758 4075 Aurei.
782 4026 923 4076 vict.
945 4026 1089 4087 Epit.
1107 4038 1235 4076 xm.
1257 4031 1308 4076 9.
1596 4028 1841 4081 Ratione.

519 4108 547 4165 9
577 4100 660 4157 Id.
684 4114 787 4155 xu-
810 4104 891 4155 lo.
924 4100 1144 4165 Eutrop.
1167 4113 1292 4159 vm.
1317 4107 1365 4154 1.
1397 4102 1515 4159 Jor·
1660 4110 1689 4147 1·
1724 4102 1904 4156 Florus
1926 4100 2134 4166 Prolog.
2158 4103 2209 4155 8·
