2858 4782
757 348 873 397 01..
919 347 1105 397 cxn.
1150 331 1215 397 3.
1290 348 1363 396 A.
1413 348 1532 397 cn.
1587 350 1664 398 Ν.
1707 333 1863 399 329.
2267 339 2398 405 543
2501 344 2514 355 “

192 506 425 553 rursus
446 488 517 553 in
534 496 835 553 montem
858 498 1303 556 recesserunt.
1348 502 1491 555 xx.
1511 492 1770 557 millia⁸
1796 492 2134 559 latronum
2149 509 2395 573 erant:

190 590 419 654 fundis
476 590 875 673 sagittisque
916 610 1210 675 pugnam
1262 592 1609 657 invadunt.
1695 594 1762 659 3.
1825 592 2026 673 Quos
2070 594 2226 661 dum
2277 600 2398 663 ob-

194 689 375 755 sidet
419 710 565 768 rex,
610 690 781 756 inter
826 691 1319 774 promtissimos
1365 691 1694 759 dimicans
1747 697 2004 778 sagitta
2044 698 2228 762 ictus
2269 705 2395 777 est,

190 810 351 873 quae
392 792 465 854 in
518 791 743 856 medio
784 810 977 856 crure
1036 790 1179 856 fixa
1220 792 1584 875 reliquerat
1625 796 1981 878 spiculum.
2075 798 2140 860 4.
2193 797 2394 862 Illum

189 892 465 975 quidem
494 893 726 957 moesti
770 901 845 957 et
872 893 1149 959 attoniti
1180 892 1595 959 Macedones
1626 897 1696 959 in
1718 904 1948 961 castra
1971 897 2390 963 referebant:

188 993 307 1057 sed
328 1013 454 1058 nec
482 994 802 1059 barbaros
832 994 1071 1059 fefellit
1095 996 1466 1061 subductus
1495 1017 1584 1061 ex
1603 998 1750 1063 acie
1773 1018 1888 1063 rex
1913 1011 1978 1080 3⁰
2021 1000 2276 1083 qnippe
2301 1018 2390 1065 ex

186 1094 367 1159 edito
422 1101 645 1159 monte
694 1100 937 1160 cuncta
980 1106 1486 1179 prospexerant.
1573 1101 1636 1163 5.
1683 1099 1927 1183 ltaque
1972 1106 2237 1182 postero
2282 1100 2391 1165 die

182 1196 437 1261 misere
465 1195 721 1278 legatos
753 1197 841 1260 ad
871 1216 1115 1278 regem,
1162 1216 1339 1279 quos
1372 1199 1492 1263 ille
1536 1201 1558 1232 ‘
1584 1206 1902 1282 protenus
1922 1200 1940 1227 ’
1971 1202 2176 1285 jussit
2229 1206 2250 1236 ‘
2273 1202 2390 1265 ad-

180 1296 355 1361 mitti
376 1294 417 1378 3’
450 1298 822 1380 solutisque
839 1297 1078 1362 fasciis
1098 1299 1616 1381 magnitudinem
1633 1302 1928 1366 vulneris
1947 1302 2387 1367 dissimulans

182 1417 339 1463 crus
368 1398 679 1462 barbaris
710 1399 1025 1463 ostendit.
1111 1400 1175 1464 6.
1226 1398 1342 1464 Illi
1380 1400 1562 1482 jussi
1607 1402 2025 1467 ‘considere’
2070 1404 2392 1470 affirmant

180 1504 201 1531 ‘
224 1518 361 1563 non
390 1498 832 1579 Macedonas,
864 1520 1065 1584 quam
1112 1501 1309 1585 ipsos
1344 1502 1558 1566 fuisse
1589 1504 1920 1567 tristiores
1951 1506 2216 1586 cognito
2243 1505 2390 1569 vul-

176 1618 339 1663 nere
356 1600 576 1682 ipsius
596 1622 615 1665 ε
646 1603 843 1685 cujus
868 1602 929 1665 si
954 1608 1299 1667 auctorem
1329 1606 1754 1686 reperissent,
1774 1604 2116 1669 dedituros
2131 1605 2384 1670 fuisse:

173 1702 243 1765 7.
288 1720 448 1765 cum
489 1700 639 1765 Diis
672 1704 845 1766 enim
878 1723 1168 1785 pugnare
1200 1705 1568 1787 sacrilegos
1597 1710 1876 1769 tantum.
1966 1704 2280 1771 Ceterum
2313 1726 2386 1771 se

174 1806 439 1885 gentem
468 1804 537 1866 in
569 1801 767 1867 fidem
799 1804 1067 1883 dedere,
1094 1811 1452 1890 superatos
1483 1806 1725 1870 virtute
1750 1806 1974 1870 illius?
2033 1808 2217 1884 Rex,
2249 1808 2384 1871 fide

177 1904 351 1967 data
376 1910 445 1967 et
475 1904 771 1985 captivis
802 1907 1122 1988 receptis,
1150 1916 1409 1990 gentem
1439 1908 1513 1971 in
1541 1908 1955 1972 deditionem.
1979 1910 2274 1992 accepit.
2319 1908 2384 1972 8.

179 2004 449 2071 Castris
477 2003 635 2069 inde
680 2006 887 2069 motis
927 2008 1173 2072 lectica
1210 2007 1483 2073 militari
1529 2008 1890 2087 ferebatur,
1921 2026 2124 2092 quam
2153 2030 2279 2094 pro
2309 2028 2383 2075 se

174 2108 469 2189 quisque
496 2125 707 2188 eques
738 2106 1077 2190 pedesque
1104 2108 1333 2173 subire
1362 2111 1736 2174 certabant.
1799 2110 2124 2195 'Equitem
2180 2116 2203 2145 ‘
2227 2130 2384 2176 cum

176 2208 431 2289 quibus
469 2224 593 2269 rex
627 2206 871 2288 praelia
908 2207 1079 2270 inire
1130 2208 1372 2273 solitus
1423 2215 1590 2286 erat,
1624 2210 1732 2272 sui
1761 2211 2055 2275 muneris
2086 2211 2157 2274 id
2191 2232 2344 2277 esse
2368 2213 2386 2239 '

174 2302 563 2371 censebant.
629 2304 907 2370 Pedites
938 2314 1193 2382 contra,
1221 2312 1408 2369 ‘eum
1439 2308 1708 2370 saucios
1733 2311 2224 2373 commilitones
2245 2314 2380 2394 ipsi

172 2414 441 2492 gestare
468 2405 947 2485 assuevissent,
990 2407 1161 2489 eripi
1203 2407 1339 2470 sibi
1374 2407 1724 2490 proprium
1769 2407 2057 2472 officium
2087 2418 2227 2474 tum
2259 2431 2382 2494 po-

170 2511 533 2584 tissimum,
564 2527 717 2572 cum
744 2527 867 2571 rex
896 2507 1255 2590 gestandus
1286 2505 1519 2588 esset,'
1556 2509 2026 2590 querebantur.
2112 2511 2175 2576 9.
2219 2511 2380 2577 Rex

171 2613 245 2678 in
268 2615 453 2674 tanto
474 2609 818 2690 utriusque
850 2609 1059 2692 partis
1085 2607 1448 2672 certamine
1472 2613 1540 2672 et
1571 2607 1704 2673 sibi
1723 2607 2088 2689 difficilem,
2114 2619 2184 2674 et
2207 2631 2376 2696 prae-

240 2811 269 2834 ⁰
300 2803 407 2854 Nec
427 2801 645 2852 barban-is
666 2800 809 2851 latuit
830 2801 1157 2851 Alexandrum
1176 2813 1237 2848 ιω
1254 2797 1423 2862 prelio
1443 2804 1740 2862 asportatum
1760 2814 1872 2850 esse.

1092 2954 1387 2976 OOONOONO
1390 2954 1452 2974 ‘O

173 3076 413 3124 barbaris.
481 3075 725 3124 Nonnulli
750 3072 903 3123 codd.
923 3073 1005 3122 ubi
1020 3073 1078 3120 de
1093 3072 1347 3136 proximis.
1396 3071 1536 3120 Mer.
1567 3071 1724 3134 plures
1745 3071 1876 3132 capti
1896 3074 2124 3120 δυτψ-4
2148 3071 2300 3120 Voss.
2321 3075 2372 3122 2.

172 3141 229 3190 in
265 3145 423 3188 castra
459 3139 689 3197 ''der-unt.
758 3137 887 3186 Mox
926 3138 1157 3186 Florent.
1195 3136 1342 3185 Leid.
1383 3137 1538 3184 Voss.
1565 3139 1612 3183 l.
1634 3139 1683 3183 2.
1723 3137 1887 3198 Bong.
1927 3134 2090 3198 Lngd.
2126 3142 2181 3183 et
2205 3135 2376 3186 Amst.

175 3203 428 3253 omittunt
464 3207 671 3251 rea—6
703 3203 854 3251 Voss.
891 3205 939 3250 2.
971 3202 1178 3268 affirmat
1220 3200 1528 3258 Macedonas,
1567 3199 1754 3247 omisso
1789 3213 1920 3257 nonf
1952 3199 2183 3248 Floreat.
2225 3200 2374 3249 Leid.

174 3269 334 3318 Voss.
360 3273 407 3316 l.
430 3273 487 3314 et
506 3266 675 3328 Βοῦς.
697 3281 743 3314 ο.
765 3281 814 3314 π.
837 3266 1138 3314 Macedones.
1206 3264 1444 3312 Florent.
1477 3262 1625 3312 Leid.
1653 3263 1805 3313 Voss.
1829 3267 1876 3312 1.
1899 3268 1948 3313 2.
1980 3271 2036 3313 et
2068 3264 2238 3327 Bong.
2259 3265 2377 3313 trie-

169 3333 321 3380 tioreu
336 3329 511 3391 [πίω.
577 3331 701 3379 vid.
726 3330 1001 3379 Nonvtr.
1066 3327 1217 3378 Leid.
1238 3326 1371 3388 cnjus
1390 3327 1438 3376 oi
1457 3333 1678 3376 actorem.
1744 3329 1894 3378 Voss.
1928 3333 1978 3376 2.
2015 3329 2208 3376 omittit
2238 3328 2374 3376 Diis.

172 3401 272 3444 -7
309 3395 475 3456 Bong.
498 3398 545 3443 1.
578 3398 815 3456 superato.
884 3395 1111 3443 Floreat.
1130 3392 1282 3441 Leid-
1301 3392 1452 3442 Voss.
1475 3395 1522 3440 1.
1549 3393 1684 3442 Dan.
1707 3392 1824 3441 Pal.
1847 3397 1894 3440 1.
1915 3399 1972 3440 et
1995 3391 2162 3455 Bong.
2185 3394 2376 3440 manere

214 3475 273 3507 ro
295 3459 489 3508 virtute.
555 3459 723 3521 Βοῦς.
750 3461 801 3506 1.
833 3457 933 3506 iltis
969 3470 1065 3520 pro
1102 3457 1348 3506 {uiua—8
1382 3456 1496 3505 Pal.
1525 3461 1574 3504 l.
1617 3470 1704 3518 pre
1738 3470 1808 3504 se.
1859 3455 2025 3502 Paulo
2059 3461 2195 3516 pont,
2230 3455 2373 3504 Pith-

225 3521 377 3572 edites
410 3537 517 3570 cum
546 3528 743 3580 consta,-
778 3521 946 3584 Lugd.
982 3521 1151 3569 Amat.
1192 3518 1341 3569 Mod.
1376 3518 1494 3567 alil:
1530 3519 1849 3567 Pediteaecum
1869 3517 2068 3566 saucios.
2139 3517 2374 3566 Florent.

174 3586 325 3636 Leid.
362 3586 516 3634 Voss.
552 3590 599 3635 1.
634 3589 683 3636 2.
721 3585 895 3646 Sigeb.
929 3584 1111 3633 colon.
1154 3593 1211 3633 et
1252 3582 1372 3632 Alci:
1413 3582 1515 3645 ipse
1549 3586 1775 3643 gestaru
1809 3582 2038 3631 Florent.
2077 3582 2225 3631 Voss.
2247 3586 2294 3629 1.
2319 3585 2370 3629 2.

170 3651 353 3716 Sigei).
393 3651 573 3701 Goion.
614 3658 670 3701 et
706 3649 828 3700 And.
865 3649 1157 3698 amevimt.
1220 3647 1372 3698 Voss.
1394 3649 1446 3696 2.
1487 3647 1687 3695 omittit
1719 3647 1923 3720 ribi—59
1957 3645 2092 3696 Mer.
2118 3645 2372 3696 certamine

1162 3809 1378 3862 NOTAE

238 3951 263 3976 ⁸
297 3943 357 3992 X
358 3942 428 3991 X.
452 3940 626 4005 millia]
658 3939 814 4004 Apud
848 3939 1122 3990 Attianum
1144 3940 1235 3989 tri-
1314 3939 1590 4002 plerosque
1613 3937 1943 3987 barbarorum
1981 3949 2163 3998 cesos,
2182 3933 2310 3984 alios
2339 3949 2372 3984 e

166 4018 311 4078 ginta
354 4017 599 4079 leguntur
635 4017 815 4075 „cium
871 4017 955 4081 qui
1001 4015 1155 4066 etiam
1202 4029 1233 4064 a
1314 4015 1528 4080 rupibus
1547 4029 1661 4064 sese
1683 4014 2060 4078 praecipitasse,
2077 4013 2212 4063 adeo
2229 4021 2286 4064 nt
2303 4027 2370 4063 ex

170 4094 359 4143 Curtio
380 4091 585 4141 diversa
602 4099 809 4143 narrat:
836 4093 1017 4142 collem
1033 4091 1234 4141 scilicet
1314 4091 1528 4155 triginta
1583 4091 1804 4142 millibus
1845 4100 1966 4141 octo
2005 4093 2168 4142 solum
2213 4092 2371 4142 millia

169 4170 224 4218 in
248 4183 405 4234 quem
429 4167 725 4231 refugerant
760 4169 809 4218 vi
847 4177 1059 4232 captum
1098 4179 1232 4230 ene,
1310 4168 1588 4218 evaserint.
