2858 4782
442 313 572 378 120
1229 323 1288 371 J.
1339 321 1841 370 rnamsmmu

443 467 628 528 ander
671 465 1034 524 a·Minervae
1079 464 1218 524 fano
1267 465 1568 546 digressus
1610 465 1890 524 Arisbam
1932 463 2240 543 processit,
2282 463 2383 522 ubi
2426 474 2638 524 castra

440 565 744 623 habebant
771 561 1157 633 Macedones,
1177 561 1278 640 qni
1303 580 1441 620 cnm
1471 560 1857 619 Parmenione
1886 559 2257 618 transierant.
2346 561 2443 618 13.
2474 559 2657 618 Pos-'

445 669 571 718 tero
599 657 695 717 die
723 666 938 736 praeter
961 657 1250 716 Percoten
1297 666 1358 715 et
1385 656 1767 735 ‘Lampsacon
1795 654 1873 714 ad
1910 654 2207 714 Praetium
2233 654 2451 714 flumen
2480 674 2636 714 con·-

443 752 670 821 tendit3
714 753 876 830 quod
925 772 998 810 ex
1045 751 1220 810 Idaeis
1279 751 1577 811 montibus
1618 761 1836 823 ortum,
1878 749 2346 828 Lampsacenum
2384 751 2637 828 Abyde-

445 865 704 926 numque
760 867 966 924 agrum
1021 845 1362 919 interfluit‚¹'¹
1407 843 1622 906 deinde
1677 844 1973 924 paulisper
2013 843 2091 903 ad
2134 843 2641 924 septemtrionem

442 943 682 1014 flexum,
711 943 770 1000 in
805 942 1224 1022 Propontidem
1255 942 1394 1002 exit.
1484 943 1577 1000 14.
1623 939 1769 1000 Inde
1799 939 2142 1000 Hermotum
2172 949 2641 1019 praetergressus

445 1057 568 1110 rex,
615 1039 693 1097 ad
749 1037 1008 1098 Celonas
1057 1037 1246 1110 duxit,
1287 1038 1346 1096 in
1401 1035 1844 1096 mediterraneis
1889 1035 2422 1113 Lampsacenorum
2454 1037 2643 1094 situm

446 1133 748 1213 oppidum.
839 1134 1124 1194 Omnibus
1155 1135 1280 1192 istis
1315 1135 1374 1192 in
1405 1131 1765 1192 deditionem
1792 1131 2049 1208 acceptis
2076 1135 2239 1206 (nam
2262 1146 2324 1189 et
2352 1131 2647 1212 Lampsa-

448 1229 612 1288 cenis
641 1230 970 1308 ignoverat)
1011 1229 1384 1308 Panegorum
1413 1228 1592 1302 misit,
1621 1228 1723 1307 qui
1756 1227 2175 1306 Priapenorum
2202 1227 2426 1296 urbem,
2452 1244 2643 1304 quam

448 1324 662 1383 incoloe
695 1323 1014 1397 dedebant,
1043 1325 1367 1404 reciperet:
1417 1328 1509 1385 15.
1539 1325 1827 1403 Amyntas
1856 1321 2290 1382 Arrabaeifilius
2318 1340 2451 1380 cum
2482 1339 2647 1399 qua-

449 1427 583 1478 tuor
609 1432 1050 1480 antecursorum
1090 1423 1318 1493 turmis,
1357 1440 1479 1481 una
1503 1420 1968 1501 Apolloniatum,
2012 1437 2189 1496 quam
2220 1418 2495 1476 Socrates
2520 1415 2645 1474 du-

451 1515 644 1586 cebat,
667 1517 1034 1596 speculatum
1053 1517 1136 1576 ire
1145 1517 1350 1594 jussus
1381 1529 1507 1584 est3
1537 1518 1755 1596 quippe
1777 1516 1979 1575 hostes
1997 1513 2059 1571 in
2085 1513 2415 1592 propinquo
2434 1529 2645 1571 versa-

450 1610 687 1682 bantur,
711 1631 937 1672 summa
965 1611 1340 1672 solicitudine
1367 1631 1628 1691 curaque
1657 1609 1875 1670 bellum
1899 1608 2281 1668 instruentes.
2350 1608 2443 1666 16.
2474 1607 2649 1665 Inter

451 1724 556 1764 eos
586 1709 666 1766 rei
713 1708 978 1767 militaris
1019 1708 1232 1787 peritia
1272 1709 1450 1787 longe
1490 1707 1784 1768 eminebat
1826 1705 2149 1764 Memnon:
2198 1704 2249 1762 is
2279 1719 2647 1780 magnopere

453 1799 790 1873 suadebat,¹²
824 1812 841 1836 ‘
862 1814 929 1861 ut
963 1803 1423 1874 retrocedentes,
1470 1823 1643 1863 omne
1670 1801 1831 1881 quod
1872 1800 2001 1860 usui
2044 1799 2313 1858 hostibus
2340 1816 2471 1856 esse
2498 1815 2647 1874 pos-

451 1905 562 1966 set,
601 1894 779 1974 longe
819 1897 1055 1975 lateque
1097 1909 1572 1977 corrumperent;
1632 1896 1912 1976 quicquid
1967 1896 2027 1953 in
2076 1913 2289 1973 campo
2331 1891 2645 1952 herbidum

453 1999 632 2060 esset,
683 1990 951 2067 equitatu
997 1992 1451 2060 conculcarent3
1500 1992 1661 2054 vicos
1708 1992 2001 2069 urbesque
2045 1989 2450 2057 incenderent,
2496 1989 2649 2050 nihil

453 2096 666 2165 praeter
695 2085 919 2144 nudum
965 2087 1154 2145 solum
1202 2086 1480 2146 relicturi.
1572 2091 1666 2147 17.
1710 2087 1823 2144 Vix
1853 2086 2027 2145 unius
2060 2086 2277 2146 mensis
2304 2097 2649 2145 commeatu

453 2183 806 2240 instructum
835 2180 1070 2239 venisse
1100 2181 1515 2254 Macedonem,
1550 2181 1831 2260 deinceps
1860 2193 2029 2260 rapto
2058 2184 2380 2241 victurum:
2423 2198 2497 2240 ea
2540 2199 2651 2243 co-

453 2277 556 2354 pia
597 2276 646 2334 si
697 2275 997 2355 eripiatur,
1037 2276 1199 2336 brevi
1241 2295 1607 2338 recessurum
1652 2297 1821 2337 esse:
1863 2279 1947 2336 ita
1988 2297 2169 2356 parvo
2206 2278 2504 2361 impendio
2526 2280 2653 2339 'toti

455 2371 613 2431 Asiae
647 2371 899 2433 salutem
925 2373 1130 2449 quaeri.
1219 2375 1314 2434 18.
1356 2373 1547 2433 Triste
1574 2373 1635 2433 id
1663 2372 1937 2453 quidem:
1968 2373 2074 2433 sed
2104 2372 2161 2431 in
2193 2373 2349 2433 omni
2378 2375 2650 2454 negotio,

455 2466 556 2525 nbi
585 2467 903 2545 periculum
931 2468 1251 2541 immineat,
1300 2468 1361 2528 id
1399 2480 1667 2549 spectare
1706 2469 2050 2549 prudentes,
2090 2479 2159 2528 ut
2194 2488 2373 2546 quam
2402 2470 2681 2531 minimo·

343 2618 357 2628 ,
460 2557 680 2618 damno
709 2560 1143 2639 defungantur:
1197 2564 1282 2623 ita
1311 2561 1596 2635 medicos,
1626 2565 1675 2623 si
1696 2572 1981 2641 correpta
2005 2572 2171 2641 parte
2196 2564 2459 2641 corporis
2483 2583 2653 2624 mor-

456 2654 597 2713 bum
628 2655 686 2713 in
717 2665 944 2715 ceteras
973 2657 1232 2737 transjici
1259 2659 1521 2732 videant,
1548 2659 1724 2719 unius
1754 2658 1995 2718 membri
2028 2658 2261 2736 jactura
2302 2678 2409 2737 pro
2434 2659 2655 2739 reliqui

459 2751 716 2830 corporis
747 2751 1148 2811 incolumitate
1169 2752 1410 2831 pacisci.
1488 2753 1821 2831 19.-Neque
1850 2752 1908 2810 id
1940 2753 2067 2811 sine
2092 2752 2361 2831 exemplo
2380 2754 2652 2815 facturos

463 2845 699 2906 Persas.
783 2848 882 2907 Sic
926 2847 1064 2908 olim
1113 2848 1358 2909 Darium
1405 2866 1604 2925 regem
1630 2847 1809 2925 ipsas
1858 2844 1991 2906 illas
2033 2847 2304 2925 regiones
2346 2850 2649 2931 urbesque

462 2942 815 3012 vastavisse,
845 2961 918 3001 ne
959 2944 1197 3022 Scythis
1240 2943 1435 3003 isthac
1477 2941 1809 3004 transituris
1854 2950 2125 3021 receptus
2158 2954 2335 3001 esset.
2418 2946 2516 3005 20.
2564 2949 2654 3008 At

461 3037 512 3097 si
537 3036 743 3114 praelio
777 3036 1226 3107 contenderent,
1263 3038 1338 3096 de
1369 3056 1600 3097 summa
1635 3056 1825 3095 rerum
1856 3035 2043 3095 aleam
2060 3035 2204 3114 jaci.
2246 3036 2435 3115 pulsis
2462 3043 2651 3102 semel

463 3130 682 3201 Persis,
710 3148 944 3189 omnem
993 3148 1122 3189 eam
1175 3148 1337 3189 oram
1380 3130 1701 3191 Alexandri
1732 3133 1892 3191 fore:
1938 3132 2191 3191 victores
2219 3131 2365 3191 nihil
2392 3134 2655 3215 amplius·

464 3223 788 3284 habituros.
876 3228 975 3285 21.
1020 3226 1230 3304 Neque
1263 3226 1505 3287 hercule
1547 3244 1791 3306 parvum
1840 3224 2151 3287 discrimen
2190 3228 2525 3306 impendere
2570 3236 2653 3293 ob

462 3319 580 3377 vim
625 3320 1032 3380 Macedonicae
1077 3320 1416 3402 phalangis,
1458 3322 1553 3381 cui
1596 3340 1768 3382 suum
1798 3321 2143 3401 peditatum,
2170 3342 2503 3403 quanquam
2534 3348 2651 3387 nu·

463 3434 625 3475 mero
677 3416 1054 3494 superiorem,
1111 3416 1328 3486 frustra
1374 3418 1699 3497 opposituri
1755 3428 1975 3477 essent.
2056 3421 2156 3479 22.
2202 3419 2394 3497 Ipsius
2428 3421 2653 3483 deinde

463 3512 620 3591 regis
649 3514 1022 3590 praesentiam
1048 3512 1208 3572 haud
1237 3533 1445 3592 parurn
1472 3514 1667 3575 valere
1694 3513 1772 3573 ad
1801 3514 2137 3579 victoriamz
2182 3514 2469 3575 stimulari
2495 3517 2655 3576 mili·

462 3615 555 3665 tes
584 3626 711 3685 spe,
739 3606 985 3685 pudore,
1013 3608 1220 3687 gloria,
1249 3610 1308 3667 in
1337 3620 1663 3690 conspectu
1690 3608 2057 3689 imperatoris
2084 3608 2467 3671 dimicante-‚st
2510 3632 2653 3693 quae

463 3704 664 3762 omnia
689 3702 975 3764 haberent
1002 3704 1401 3773 Macedones:
1433 3706 1577 3786 ipsis
1606 3708 1818 3764 abesse
1846 3702 2113 3765 Darium.
2196 3708 2295 3764 23.
2340 3705 2653 3767 Neminem

465 3798 783 3877 ambigere,
833 3800 972 3878 quin
1021 3800 1244 3861 bellum
1289 3802 1348 3859 in
1399 3800 1593 3860 aliena
1636 3813 1792 3860 terra
1836 3818 2037 3878 gerere
2074 3810 2335 3878 praestet,
2368 3820 2545 3880 quam
2587 3805 2649 3863 in

391 3933 399 3940 .
466 3908 577 3950 sua
604 3911 620 3951 ε
663 3892 726 3950 id
753 3896 1126 3957 commodum
1161 3890 1503 3977 adepturos,
1532 3895 1583 3955 si
1626 3894 1939 3955 consilium
1968 3912 2141 3954 snum
2170 3896 2355 3955 secuti
2384 3894 2457 3955 de
2486 3897 2653 3958 inva-

529 4052 544 4089 ¹
579 4054 846 4107 Ari-land.
871 4062 948 4107 18.
1666 4068 1691 4095 ¹¹
1744 4061 1945 4113 Ari-ian.
1982 4075 2022 4112 1.
2085 4064 2163 4111 18.
2217 4060 2371 4113 Diod.
2413 4076 2560 4117 xvn.
2602 4083 2655 4131 p.

533 4138 570 4166 ¹²
601 4130 774 4181 strab.
799 4142 924 4183 xm.
943 4132 1054 4183 init.
1600 4142 1719 4189 ⁶⁷1.
2656 4168 2661 4173 ·
