2858 4782
839 845 967 938 Q.
1074 845 1674 938 CURTII
1785 841 2188 932 RUFI

1008 1102 1165 1178 DE
1234 1100 1592 1179 REBUS
1659 1100 2032 1178 GESTIS

562 1345 1236 1472 ALEXANJJRI
1323 1347 1655 1424 REGIS
1736 1342 2484 1425 MACEDONUM

1246 1598 1584 1676 LIBER
1659 1599 1805 1672 w.

1239 2103 1816 2154 ARGUMENTUM.

421 2279 557 2330 CAP-
578 2287 619 2324 ι.
686 2273 863 2324 Proelii
890 2272 1031 2324 inter
1053 2269 1481 2324 Lacedaemonio·
1517 2276 1678 2335 atque
1711 2272 2034 2323 Macedones
2070 2273 2377 2340 descriptio.
2449 2275 2632 2341 Agidis

483 2369 639 2407 mors.
706 2352 952 2419 superati
974 2351 1039 2401 ad
1057 2349 1416 2401 Alexandrum⁴
1435 2350 1658 2415 legatos,
1678 2351 1882 2401 reniam
1906 2350 2216 2404 defectionis
2237 2359 2492 2417 oraturos,
2511 2355 2633 2405 mit-

484 2443 639 2498 tunt;
672 2448 829 2501 quam
850 2433 1153 2498 impetrant.
1220 2446 1286 2481 ιι.
1321 2430 1626 2481 Alexander
1649 2432 1790 2482 bello
1810 2433 2036 2483 invictus
2057 2434 2166 2485 otio
2187 2440 2244 2485 et
2261 2435 2466 2485 deliciis
2487 2434 2630 2486 fran-

484 2518 645 2581 gitur.
700 2516 899 2565 Rumor
920 2514 973 2563 in
996 2512 1184 2563 castris
1206 2512 1273 2561 de
1298 2510 1472 2561 reditu
1493 2512 1546 2561 in
1564 2512 1948 2563 Macedoniam.
2015 2528 2102 2565 m.
2138 2516 2448 2566 Hortatur-ia
2469 2515 2631 2565 Alex·

484 2596 635 2648 andri
658 2593 725 2646 ad
750 2594 939 2644 milites
959 2593 1146 2655 oratio,
1170 2600 1230 2642 ut
1250 2592 1462 2655 beilum,
1485 2592 1538 2641 in
1574 2591 1701 2643 Asia
1721 2593 2033 2657 inchoatum,
2059 2602 2443 2661 persequantur
2463 2604 2522 2646 et
2541 2596 2630 2645 ab-

484 2676 705 2727 solvant.
768 2687 847 2724 ιν.
880 2673 1135 2735 Ziobetis,
1170 2672 1285 2722 miri
1324 2670 1568 2734 fluminis,
1611 2674 1913 2738 descriptio.
1980 2675 2284 2726 Alexander
2316 2676 2634 2737 Nabarzani,

483 2770 583 2821 per
615 2756 796 2807 literas
818 2756 1041 2805 salutem
1066 2753 1340 2817 quaerenti,
1363 2752 1566 2803 veniam
1587 2753 1884 2817 pollicetur.
1951 2755 2181 2819 Deinde,
2203 2753 2526 2819 Hyrcaniam
2551 2756 2628 2804 in-

484 2851 711 2903 gressus,
750 2836 1003 2901 quosdam
1031 2833 1185 2884 Darii
1219 2831 1498 2898 prefectos
1527 2833 1580 2883 in
1603 2832 1758 2885 fldem
1781 2835 1993 2899 recipit.
2058 2850 2114 2886 v.
2151 2834 2412 2885 Artabano
2432 2850 2626 2887 summa

484 2932 605 2969 eum
626 2917 784 2967 animi
815 2915 1184 2967 benevolentia
1213 2919 1461 2978 excepto,
1483 2914 1711 2977 Graeeis,
1742 2916 1830 2980 qui
1861 2914 2077 2965 Darium
2100 2916 2432 2979 adjuverant,
2455 2918 2628 2979 parcit

484 2998 809 3060 Alexander,
842 3004 918 3060 et,
948 2995 1251 3047 Mardorum
1276 3000 1438 3059 gente
1473 2994 1752 3057 debellata,
1783 2994 2111 3045 Amazonion
2133 2996 2405 3059 cujusdam
2428 2997 2623 3061 reginae

484 3076 729 3141 petitioni
752 3070 1025 3125 satisfacit.
1088 3088 1167 3124 vr.
1200 3072 1524 3124 Macedones
1544 3073 1835 3125 Alexandri
1856 3073 2193 3125 offenduntur
2217 3075 2483 3126 moribus:
2519 3078 2626 3141 qui,

485 3161 549 3205 ut
566 3153 876 3203 seditionem
912 3158 1193 3216 averteret,
1220 3152 1291 3201 ad
1320 3152 1514 3203 beilum
1545 3154 1710 3203 Besso
1731 3152 2059 3203 inferendum
2091 3162 2317 3205 mentem
2351 3158 2624 3207 convertit.

484 3232 641 3287 Quod
660 3238 718 3283 et
736 3238 1107 3295 strategemate
1134 3233 1377 3293 inchoan
1412 3248 1476 3284 ac
1491 3234 1899 3297 Satibarzanen,
1919 3234 2158 3284 Ariorum
2181 3244 2464 3299 satrapam,
2490 3238 2622 3301 quod

484 3312 789 3374 defecisset,
827 3312 1051 3375 primum
1088 3313 1434 3377 persequitur,
1465 3313 1714 3365 barbaros
1742 3328 1776 3365 a
1808 3313 2072 3364 montibus
2104 3314 2356 3379 dispellit,
2376 3314 2626 3366 Artacae-

484 3410 605 3444 nam
626 3400 895 3458 expugnat
915 3400 1073 3459 atque
1099 3393 1153 3443 in
1174 3394 1530 3458 Drangianam
1552 3402 1744 3445 movet.
1811 3408 1912 3446 vu.
1945 3395 2369 3459 conjurationem
2399 3397 2454 3446 in
2473 3396 2626 3447 Alex-

485 3474 703 3526 andrum
724 3475 962 3538 Dymnus
996 3474 1329 3539 Nicomacho,
1349 3475 1437 3525 hic
1461 3490 1557 3540 per
1579 3476 1888 3526 Cebalinum
1909 3475 2124 3525 fratrem
2149 3476 2450 3525 Alexandro
2482 3478 2623 3527 dete-

486 3556 583 3621 git.
628 3554 771 3605 Hinc
794 3568 930 3604 mors
953 3555 1165 3618 Dymni,
1186 3556 1275 3621 qui
1297 3556 1411 3621 ipse
1431 3556 1529 3606 sibi
1549 3570 1730 3605 manns
1754 3554 1928 3606 infert.
1984 3568 2114 3605 vm.
2138 3554 2436 3606 Amicorum
2459 3557 2622 3621 regio-

484 3648 601 3686 rum
623 3634 839 3687 consilio
864 3635 1121 3697 Philotas,
1136 3632 1498 3686 Parmenionis
1517 3634 1676 3698 filius,
1691 3634 2062 3699 conjurationis
2085 3640 2268 3685 auctor
2286 3642 2342 3685 et
2360 3636 2622 3702 particeps

487 3716 733 3779 creditus,
756 3716 982 3781 capitur,
1004 3729 1065 3765 ac
1101 3716 1275 3765 velato
1298 3716 1476 3780 capite
1508 3716 1560 3764 iu
1585 3715 1779 3779 regiam
1801 3714 2094 3764 abducitur.
2161 3728 2244 3765 ιι.
2279 3716 2366 3763 De
2387 3717 2622 3780 conjura·

488 3794 634 3847 tio'ne
657 3796 906 3847 adversus
942 3794 1185 3845 Philotan
1222 3795 1633 3859 expostulatoria
1652 3793 1938 3843 Alexandri
1971 3794 2036 3844 ad
2063 3794 2249 3845 milites
2274 3795 2460 3844 oratio.
2527 3798 2620 3847 Co-

488 3888 597 3923 ram
619 3876 808 3938 quibus
831 3875 1070 3926 Philotas
1094 3873 1351 3925 adductus
1374 3872 1730 3923 defensionem
1755 3880 1922 3937 parat.
1989 3888 2049 3925 x.
2083 3874 2431 3949 Apologetjea
2453 3875 2619 3926 Philo-

486 3958 558 4001 tae
582 3955 766 4016 oratio,
783 3969 887 4018 qua
906 3954 1276 4018 conjurationis
1297 3954 1682 4003 accusationem
1703 3967 1798 4016 pro
1819 3955 2067 4003 concione
2089 3953 2302 4004 refellit.
2371 3968 2456 4004 ιι.
2490 3957 2621 4006 Con·

490 4028 573 4077 cio
615 4043 650 4078 a
686 4032 906 4095 quodam
943 4035 1143 4084 Belone
1182 4046 1405 4084 accensa
1433 4034 1484 4083 in
1523 4033 1766 4084 Philotan
1799 4034 1994 4097 σαι-εἰη
2030 4033 2120 4098 qui
2159 4034 2314 4097 paulo
2347 4039 2489 4098 post,
2509 4050 2616 4085 cum

492 4114 842 4174 torqueretur,
859 4115 1028 4164 scelus
1050 4113 1265 4175 fatetur,
1287 4125 1510 4178 cumque
1527 4111 1739 4177 reliquis
1765 4113 1987 4163 sontium
2010 4113 2146 4163 saxis
2167 4112 2419 4164 obruitur.
