<?xml version="1.0" encoding="UTF-8"?>
<!DOCTYPE html PUBLIC "-//W3C//DTD XHTML 1.0 Transitional//EN"
    "http://www.w3.org/TR/xhtml1/DTD/xhtml1-transitional.dtd">
<html xmlns="http://www.w3.org/1999/xhtml" xml:lang="en" lang="en">
 <head>
  <title>
</title>
<meta http-equiv="Content-Type" content="text/html;charset=utf-8" />
  <meta name='ocr-system' content='tesseract 3.04.00' />
  <meta name='ocr-capabilities' content='ocr_page ocr_carea ocr_par ocr_line ocrx_word'/>
</head>
<body>
  <div class='ocr_page' id='page_1' title='image "./quinticurtirufi00freigoog_0148.png"; bbox 0 0 2858 4782; ppageno 0'>
   <div class='ocr_carea' id='block_1_1' title="bbox 687 366 2374 440">
    <p class='ocr_par' dir='ltr' id='par_1_1' title="bbox 687 366 2374 440">
     <span class='ocr_line' id='line_1_1' title="bbox 687 366 2374 440; baseline 0.002 -9"><span class='ocrx_word' id='word_1_1' title='bbox 687 380 948 431; x_wconf 69' lang='lat' dir='ltr'><strong>surra.</strong></span> <span class='ocrx_word' id='word_1_2' title='bbox 998 379 1076 428; x_wconf 69' lang='lat' dir='ltr'><strong>ru</strong></span> <span class='ocrx_word' id='word_1_3' title='bbox 1127 381 1194 440; x_wconf 78' lang='lat' dir='ltr'><strong>o.</strong></span> <span class='ocrx_word' id='word_1_4' title='bbox 1243 379 1589 431; x_wconf 73' lang='lat' dir='ltr'><strong>suarium</strong></span> <span class='ocrx_word' id='word_1_5' title='bbox 1640 383 1785 431; x_wconf 75' lang='lat' dir='ltr'><strong>ms.</strong></span> <span class='ocrx_word' id='word_1_6' title='bbox 1833 384 1913 432; x_wconf 88' lang='grc' dir='ltr'><strong>ιι.</strong></span> <span class='ocrx_word' id='word_1_7' title='bbox 2244 366 2374 434; x_wconf 73' lang='grc'><strong>127</strong></span> 
     </span>
    </p>
   </div>
   <div class='ocr_carea' id='block_1_2' title="bbox 159 519 2379 3938">
    <p class='ocr_par' dir='ltr' id='par_1_2' title="bbox 159 519 2379 3938">
     <span class='ocr_line' id='line_1_2' title="bbox 168 519 2377 604; baseline 0.003 -22"><span class='ocrx_word' id='word_1_8' title='bbox 168 521 399 584; x_wconf 82' lang='lat' dir='ltr'><strong>Darius</strong></span> <span class='ocrx_word' id='word_1_9' title='bbox 425 519 778 594; x_wconf 71' lang='lat' dir='ltr'>crediderat,</span> <span class='ocrx_word' id='word_1_10' title='bbox 803 539 939 582; x_wconf 84' lang='lat' dir='ltr'><strong>cum</strong></span> <span class='ocrx_word' id='word_1_11' title='bbox 959 519 1321 600; x_wconf 78' lang='lat' dir='ltr'><strong>principibus</strong></span> <span class='ocrx_word' id='word_1_12' title='bbox 1349 521 1791 594; x_wconf 87' lang='lat' dir='ltr'><strong>Sardianorum,</strong></span> <span class='ocrx_word' id='word_1_13' title='bbox 1812 525 2013 584; x_wconf 85' lang='lat' dir='ltr'><strong>urbem</strong></span> <span class='ocrx_word' id='word_1_14' title='bbox 2039 543 2377 604; x_wconf 77' lang='lat' dir='ltr'>arcemque,</span> 
     </span>
     <span class='ocr_line' id='line_1_3' title="bbox 166 615 2366 699; baseline 0.002 -20"><span class='ocrx_word' id='word_1_15' title='bbox 166 631 232 680; x_wconf 87' lang='lat' dir='ltr'><strong>et</strong></span> <span class='ocrx_word' id='word_1_16' title='bbox 257 618 597 699; x_wconf 86' lang='lat' dir='ltr'><strong>pecuniam,</strong></span> <span class='ocrx_word' id='word_1_17' title='bbox 623 637 762 696; x_wconf 75' lang='lat' dir='ltr'><strong>quae</strong></span> <span class='ocrx_word' id='word_1_18' title='bbox 789 617 850 676; x_wconf 89' lang='lat' dir='ltr'><strong>in</strong></span> <span class='ocrx_word' id='word_1_19' title='bbox 876 633 950 676; x_wconf 89' lang='lat' dir='ltr'><strong>ea</strong></span> <span class='ocrx_word' id='word_1_20' title='bbox 975 615 1443 688; x_wconf 76' lang='lat' dir='ltr'><strong>custodiebatur,</strong></span> <span class='ocrx_word' id='word_1_21' title='bbox 1470 617 1761 684; x_wconf 79' lang='lat' dir='ltr'><strong>tradituri.</strong></span> <span class='ocrx_word' id='word_1_22' title='bbox 1849 623 1943 680; x_wconf 83' lang='lat'><strong>12.</strong></span> <span class='ocrx_word' id='word_1_23' title='bbox 1991 620 2217 688; x_wconf 77' lang='lat' dir='ltr'>Quibus</span> <span class='ocrx_word' id='word_1_24' title='bbox 2258 624 2366 683; x_wconf 55' lang='lat' dir='ltr'><strong>bea</strong></span> 
     </span>
     <span class='ocr_line' id='line_1_4' title="bbox 165 711 2375 794; baseline 0.002 -21"><span class='ocrx_word' id='word_1_25' title='bbox 165 716 356 794; x_wconf 79' lang='lat' dir='ltr'><strong>nigne</strong></span> <span class='ocrx_word' id='word_1_26' title='bbox 387 715 651 794; x_wconf 84' lang='lat' dir='ltr'><strong>exceptis</strong></span> <span class='ocrx_word' id='word_1_27' title='bbox 674 715 752 773; x_wconf 89' lang='lat' dir='ltr'><strong>ad</strong></span> <span class='ocrx_word' id='word_1_28' title='bbox 775 714 1060 774; x_wconf 88' lang='lat' dir='ltr'><strong>Hermum</strong></span> <span class='ocrx_word' id='word_1_29' title='bbox 1087 711 1327 771; x_wconf 82' lang='lat' dir='ltr'><strong>fluvium</strong></span> <span class='ocrx_word' id='word_1_30' title='bbox 1355 713 1777 794; x_wconf 81' lang='lat' dir='ltr'><strong>progreditur,¹·</strong></span> <span class='ocrx_word' id='word_1_31' title='bbox 1794 716 2000 794; x_wconf 78' lang='lat' dir='ltr'><strong>viginti</strong></span> <span class='ocrx_word' id='word_1_32' title='bbox 2019 717 2139 776; x_wconf 82' lang='lat' dir='ltr'><strong>fere</strong></span> <span class='ocrx_word' id='word_1_33' title='bbox 2164 719 2375 784; x_wconf 80' lang='lat' dir='ltr'><strong>stadiis</strong></span> 
     </span>
     <span class='ocr_line' id='line_1_5' title="bbox 167 808 2375 890; baseline 0.002 -21"><span class='ocrx_word' id='word_1_34' title='bbox 167 812 244 870; x_wconf 84' lang='lat' dir='ltr'><strong>ab</strong></span> <span class='ocrx_word' id='word_1_35' title='bbox 305 811 454 871; x_wconf 87' lang='lat' dir='ltr'><strong>urbe</strong></span> <span class='ocrx_word' id='word_1_36' title='bbox 499 810 820 871; x_wconf 81' lang='lat' dir='ltr'><strong>distantem</strong></span> <span class='ocrx_word' id='word_1_37' title='bbox 843 827 862 871; x_wconf 70' lang='grc' dir='ltr'><strong>ι</strong></span> <span class='ocrx_word' id='word_1_38' title='bbox 921 808 1004 869; x_wconf 84' lang='lat' dir='ltr'><strong>ibi</strong></span> <span class='ocrx_word' id='word_1_39' title='bbox 1059 808 1270 868; x_wconf 83' lang='lat' dir='ltr'><strong>castris</strong></span> <span class='ocrx_word' id='word_1_40' title='bbox 1325 809 1556 886; x_wconf 85' lang='lat' dir='ltr'><strong>positis,</strong></span> <span class='ocrx_word' id='word_1_41' title='bbox 1608 812 1925 890; x_wconf 77' lang='lat' dir='ltr'><strong>Amyntam</strong></span> <span class='ocrx_word' id='word_1_42' title='bbox 1978 812 2375 874; x_wconf 86' lang='lat' dir='ltr'><strong>Andromenis</strong></span> 
     </span>
     <span class='ocr_line' id='line_1_6' title="bbox 159 903 2379 985; baseline 0.001 -19"><span class='ocrx_word' id='word_1_43' title='bbox 159 905 353 966; x_wconf 78' lang='lat' dir='ltr'><strong>filium</strong></span> <span class='ocrx_word' id='word_1_44' title='bbox 383 905 462 966; x_wconf 89' lang='lat' dir='ltr'><strong>ad</strong></span> <span class='ocrx_word' id='word_1_45' title='bbox 493 905 890 985; x_wconf 86' lang='lat' dir='ltr'><strong>recipiendam</strong></span> <span class='ocrx_word' id='word_1_46' title='bbox 919 921 1113 964; x_wconf 87' lang='lat' dir='ltr'><strong>arcem</strong></span> <span class='ocrx_word' id='word_1_47' title='bbox 1137 903 1459 982; x_wconf 56' lang='lat' dir='ltr'><strong>praemittit.</strong></span> <span class='ocrx_word' id='word_1_48' title='bbox 1532 906 1625 963; x_wconf 86' lang='lat'><strong>13.</strong></span> <span class='ocrx_word' id='word_1_49' title='bbox 1656 905 1745 963; x_wconf 84' lang='lat' dir='ltr'><strong>Ea</strong></span> <span class='ocrx_word' id='word_1_50' title='bbox 1772 906 2057 984; x_wconf 78' lang='lat' dir='ltr'><strong>proecelso</strong></span> <span class='ocrx_word' id='word_1_51' title='bbox 2084 907 2219 968; x_wconf 84' lang='lat' dir='ltr'><strong>loco</strong></span> <span class='ocrx_word' id='word_1_52' title='bbox 2236 909 2379 981; x_wconf 81' lang='lat' dir='ltr'><strong>sita,</strong></span> 
     </span>
     <span class='ocr_line' id='line_1_7' title="bbox 167 997 2376 1082; baseline 0.001 -23"><span class='ocrx_word' id='word_1_53' title='bbox 167 999 402 1061; x_wconf 82' lang='lat' dir='ltr'><strong>difficili</strong></span> <span class='ocrx_word' id='word_1_54' title='bbox 427 1001 810 1082; x_wconf 73' lang='lat' dir='ltr'>undiquaque</span> <span class='ocrx_word' id='word_1_55' title='bbox 839 999 1025 1073; x_wconf 83' lang='lat' dir='ltr'><strong>aditu,</strong></span> <span class='ocrx_word' id='word_1_56' title='bbox 1065 997 1360 1060; x_wconf 81' lang='lat' dir='ltr'><strong>adversus</strong></span> <span class='ocrx_word' id='word_1_57' title='bbox 1393 1017 1829 1079; x_wconf 78' lang='lat' dir='ltr'><strong>quamcumque</strong></span> <span class='ocrx_word' id='word_1_58' title='bbox 1871 1003 1987 1062; x_wconf 83' lang='lat' dir='ltr'><strong>vim</strong></span> <span class='ocrx_word' id='word_1_59' title='bbox 2038 1003 2221 1064; x_wconf 85' lang='lat' dir='ltr'><strong>teneri</strong></span> <span class='ocrx_word' id='word_1_60' title='bbox 2268 1021 2376 1082; x_wconf 86' lang='lat' dir='ltr'><strong>po-</strong></span> 
     </span>
     <span class='ocr_line' id='line_1_8' title="bbox 165 1091 2374 1174; baseline 0.001 -17"><span class='ocrx_word' id='word_1_61' title='bbox 165 1107 386 1169; x_wconf 83' lang='lat' dir='ltr'><strong>tuerat,</strong></span> <span class='ocrx_word' id='word_1_62' title='bbox 425 1091 658 1157; x_wconf 81' lang='lat' dir='ltr'><strong>etiamsi</strong></span> <span class='ocrx_word' id='word_1_63' title='bbox 707 1115 930 1167; x_wconf 87' lang='lat' dir='ltr'><strong>murus,</strong></span> <span class='ocrx_word' id='word_1_64' title='bbox 978 1093 1082 1174; x_wconf 87' lang='lat' dir='ltr'><strong>qui</strong></span> <span class='ocrx_word' id='word_1_65' title='bbox 1133 1094 1347 1173; x_wconf 85' lang='lat' dir='ltr'><strong>triplici</strong></span> <span class='ocrx_word' id='word_1_66' title='bbox 1389 1096 1755 1156; x_wconf 87' lang='lat' dir='ltr'><strong>munimento</strong></span> <span class='ocrx_word' id='word_1_67' title='bbox 1800 1096 1963 1157; x_wconf 86' lang='lat' dir='ltr'><strong>illam</strong></span> <span class='ocrx_word' id='word_1_68' title='bbox 2009 1099 2374 1170; x_wconf 86' lang='lat' dir='ltr'><strong>circumibat,</strong></span> 
     </span>
     <span class='ocr_line' id='line_1_9' title="bbox 169 1191 2377 1273; baseline 0.001 -21"><span class='ocrx_word' id='word_1_69' title='bbox 169 1191 481 1254; x_wconf 76' lang='lat' dir='ltr'><strong>abfuisset.</strong></span> <span class='ocrx_word' id='word_1_70' title='bbox 567 1193 726 1272; x_wconf 85' lang='lat' dir='ltr'><strong>Ergo</strong></span> <span class='ocrx_word' id='word_1_71' title='bbox 766 1191 1034 1250; x_wconf 79' lang='lat' dir='ltr'><strong>felicitati</strong></span> <span class='ocrx_word' id='word_1_72' title='bbox 1077 1209 1202 1250; x_wconf 77' lang='lat' dir='ltr'><strong>suoe</strong></span> <span class='ocrx_word' id='word_1_73' title='bbox 1251 1191 1605 1270; x_wconf 73' lang='lat' dir='ltr'><strong>gratulatus,</strong></span> <span class='ocrx_word' id='word_1_74' title='bbox 1650 1191 1811 1270; x_wconf 88' lang='lat' dir='ltr'><strong>quod</strong></span> <span class='ocrx_word' id='word_1_75' title='bbox 1858 1194 2250 1273; x_wconf 87' lang='lat' dir='ltr'><strong>amplissimas</strong></span> <span class='ocrx_word' id='word_1_76' title='bbox 2278 1213 2377 1256; x_wconf 88' lang='lat' dir='ltr'><strong>res</strong></span> 
     </span>
     <span class='ocr_line' id='line_1_10' title="bbox 171 1285 2376 1368; baseline 0.001 -20"><span class='ocrx_word' id='word_1_77' title='bbox 171 1290 372 1348; x_wconf 86' lang='lat' dir='ltr'><strong>animo</strong></span> <span class='ocrx_word' id='word_1_78' title='bbox 399 1287 758 1359; x_wconf 76' lang='lat' dir='ltr'><strong>volventem,</strong></span> <span class='ocrx_word' id='word_1_79' title='bbox 787 1305 892 1346; x_wconf 83' lang='lat' dir='ltr'><strong>arx</strong></span> <span class='ocrx_word' id='word_1_80' title='bbox 915 1285 1306 1345; x_wconf 86' lang='lat' dir='ltr'><strong>munitissima</strong></span> <span class='ocrx_word' id='word_1_81' title='bbox 1320 1285 1504 1365; x_wconf 83' lang='lat' dir='ltr'><strong>longa</strong></span> <span class='ocrx_word' id='word_1_82' title='bbox 1522 1287 1833 1348; x_wconf 78' lang='lat' dir='ltr'>obsidione</span> <span class='ocrx_word' id='word_1_83' title='bbox 1854 1307 1973 1348; x_wconf 84' lang='lat' dir='ltr'><strong>non</strong></span> <span class='ocrx_word' id='word_1_84' title='bbox 1992 1289 2376 1368; x_wconf 73' lang='lat' dir='ltr'><strong>implicasset,</strong></span> 
     </span>
     <span class='ocr_line' id='line_1_11' title="bbox 169 1380 2375 1464; baseline 0.001 -20"><span class='ocrx_word' id='word_1_85' title='bbox 169 1383 301 1444; x_wconf 81' lang='lat' dir='ltr'><strong>Jovi</strong></span> <span class='ocrx_word' id='word_1_86' title='bbox 331 1382 618 1462; x_wconf 86' lang='lat' dir='ltr'><strong>Olympio</strong></span> <span class='ocrx_word' id='word_1_87' title='bbox 643 1383 928 1462; x_wconf 86' lang='lat' dir='ltr'><strong>templum</strong></span> <span class='ocrx_word' id='word_1_88' title='bbox 953 1381 1034 1442; x_wconf 89' lang='lat' dir='ltr'><strong>ibi</strong></span> <span class='ocrx_word' id='word_1_89' title='bbox 1061 1401 1280 1460; x_wconf 88' lang='lat' dir='ltr'><strong>ponere</strong></span> <span class='ocrx_word' id='word_1_90' title='bbox 1307 1380 1607 1441; x_wconf 83' lang='lat' dir='ltr'><strong>decrevit.¹</strong></span> <span class='ocrx_word' id='word_1_91' title='bbox 1690 1383 1787 1442; x_wconf 81' lang='lat'><strong>14.</strong></span> <span class='ocrx_word' id='word_1_92' title='bbox 1832 1383 2101 1464; x_wconf 79' lang='lat' dir='ltr'><strong>Cumque</strong></span> <span class='ocrx_word' id='word_1_93' title='bbox 2142 1384 2375 1447; x_wconf 88' lang='lat' dir='ltr'><strong>solicite</strong></span> 
     </span>
     <span class='ocr_line' id='line_1_12' title="bbox 167 1476 2375 1559; baseline 0.001 -19"><span class='ocrx_word' id='word_1_94' title='bbox 167 1479 668 1558; x_wconf 80' lang='lat' dir='ltr'><strong>circumspiceret,</strong></span> <span class='ocrx_word' id='word_1_95' title='bbox 695 1477 938 1555; x_wconf 86' lang='lat' dir='ltr'><strong>quinam</strong></span> <span class='ocrx_word' id='word_1_96' title='bbox 963 1476 1132 1537; x_wconf 85' lang='lat' dir='ltr'><strong>locus</strong></span> <span class='ocrx_word' id='word_1_97' title='bbox 1161 1477 1528 1556; x_wconf 75' lang='lat' dir='ltr'><strong>accipiendae:</strong></span> <span class='ocrx_word' id='word_1_98' title='bbox 1566 1476 1683 1536; x_wconf 81' lang='lat' dir='ltr'><strong>sedi</strong></span> <span class='ocrx_word' id='word_1_99' title='bbox 1724 1479 1975 1540; x_wconf 82' lang='lat' dir='ltr'><strong>maxime</strong></span> <span class='ocrx_word' id='word_1_100' title='bbox 2004 1495 2375 1559; x_wconf 84' lang='lat' dir='ltr'><strong>opportunus</strong></span> 
     </span>
     <span class='ocr_line' id='line_1_13' title="bbox 167 1571 2373 1654; baseline 0.001 -19"><span class='ocrx_word' id='word_1_101' title='bbox 167 1575 342 1646; x_wconf 79' lang='lat' dir='ltr'><strong>foret,</strong></span> <span class='ocrx_word' id='word_1_102' title='bbox 392 1573 708 1634; x_wconf 75' lang='lat' dir='ltr'><strong>confestim</strong></span> <span class='ocrx_word' id='word_1_103' title='bbox 750 1583 958 1632; x_wconf 83' lang='lat' dir='ltr'><strong>exorta</strong></span> <span class='ocrx_word' id='word_1_104' title='bbox 998 1571 1318 1632; x_wconf 80' lang='lat' dir='ltr'><strong>vehemens</strong></span> <span class='ocrx_word' id='word_1_105' title='bbox 1361 1579 1702 1651; x_wconf 77' lang='lat' dir='ltr'><strong>tempestas,</strong></span> <span class='ocrx_word' id='word_1_106' title='bbox 1722 1573 1911 1632; x_wconf 89' lang='lat' dir='ltr'><strong>multo</strong></span> <span class='ocrx_word' id='word_1_107' title='bbox 1939 1575 2123 1634; x_wconf 83' lang='lat' dir='ltr'><strong>imbre</strong></span> <span class='ocrx_word' id='word_1_108' title='bbox 2148 1587 2373 1654; x_wconf 87' lang='lat' dir='ltr'><strong>partem</strong></span> 
     </span>
     <span class='ocr_line' id='line_1_14' title="bbox 169 1666 2377 1749; baseline 0.001 -21"><span class='ocrx_word' id='word_1_109' title='bbox 169 1669 322 1730; x_wconf 88' lang='lat' dir='ltr'><strong>arcis</strong></span> <span class='ocrx_word' id='word_1_110' title='bbox 349 1667 636 1748; x_wconf 73' lang='lat' dir='ltr'><strong>perfudit,</strong></span> <span class='ocrx_word' id='word_1_111' title='bbox 662 1669 764 1728; x_wconf 84' lang='lat' dir='ltr'><strong>ubi</strong></span> <span class='ocrx_word' id='word_1_112' title='bbox 791 1679 959 1728; x_wconf 78' lang='lat' dir='ltr'><strong>vetus</strong></span> <span class='ocrx_word' id='word_1_113' title='bbox 992 1667 1286 1746; x_wconf 82' lang='lat' dir='ltr'><strong>Lydorum</strong></span> <span class='ocrx_word' id='word_1_114' title='bbox 1315 1667 1475 1746; x_wconf 85' lang='lat' dir='ltr'><strong>regia</strong></span> <span class='ocrx_word' id='word_1_115' title='bbox 1503 1666 1711 1726; x_wconf 77' lang='lat' dir='ltr'><strong>fuerat.</strong></span> <span class='ocrx_word' id='word_1_116' title='bbox 1766 1667 1913 1728; x_wconf 85' lang='lat' dir='ltr'><strong>Eam</strong></span> <span class='ocrx_word' id='word_1_117' title='bbox 1940 1669 2140 1749; x_wconf 88' lang='lat' dir='ltr'><strong>itaque</strong></span> <span class='ocrx_word' id='word_1_118' title='bbox 2172 1671 2377 1732; x_wconf 89' lang='lat' dir='ltr'><strong>sedem</strong></span> 
     </span>
     <span class='ocr_line' id='line_1_15' title="bbox 171 1759 2377 1844; baseline 0.001 -19"><span class='ocrx_word' id='word_1_119' title='bbox 171 1777 319 1825; x_wconf 88' lang='lat' dir='ltr'><strong>nutu</strong></span> <span class='ocrx_word' id='word_1_120' title='bbox 349 1763 614 1824; x_wconf 86' lang='lat' dir='ltr'><strong>Deorum</strong></span> <span class='ocrx_word' id='word_1_121' title='bbox 641 1763 926 1823; x_wconf 88' lang='lat' dir='ltr'><strong>destinari</strong></span> <span class='ocrx_word' id='word_1_122' title='bbox 951 1762 1221 1835; x_wconf 86' lang='lat' dir='ltr'><strong>credens,</strong></span> <span class='ocrx_word' id='word_1_123' title='bbox 1251 1767 1268 1799; x_wconf 77' lang='lat'><em>⁶</em></span> <span class='ocrx_word' id='word_1_124' title='bbox 1291 1761 1573 1842; x_wconf 86' lang='lat' dir='ltr'><strong>templum</strong></span> <span class='ocrx_word' id='word_1_125' title='bbox 1604 1759 1685 1824; x_wconf 90' lang='lat' dir='ltr'><strong>ibi</strong></span> <span class='ocrx_word' id='word_1_126' title='bbox 1702 1763 1985 1824; x_wconf 88' lang='lat' dir='ltr'><strong>constitui</strong></span> <span class='ocrx_word' id='word_1_127' title='bbox 2010 1767 2027 1790; x_wconf 90' lang='lat'>’</span> <span class='ocrx_word' id='word_1_128' title='bbox 2040 1765 2242 1844; x_wconf 88' lang='lat' dir='ltr'><strong>jussit.</strong></span> <span class='ocrx_word' id='word_1_129' title='bbox 2278 1770 2377 1829; x_wconf 85' lang='lat'><strong>16.</strong></span> 
     </span>
     <span class='ocr_line' id='line_1_16' title="bbox 170 1858 2373 1938; baseline 0.001 -18"><span class='ocrx_word' id='word_1_130' title='bbox 170 1861 308 1920; x_wconf 83' lang='lat' dir='ltr'><strong>Arci</strong></span> <span class='ocrx_word' id='word_1_131' title='bbox 337 1859 558 1921; x_wconf 85' lang='lat' dir='ltr'><strong>deinde</strong></span> <span class='ocrx_word' id='word_1_132' title='bbox 585 1858 944 1919; x_wconf 76' lang='lat' dir='ltr'><strong>Pausaniam</strong></span> <span class='ocrx_word' id='word_1_133' title='bbox 973 1877 1045 1919; x_wconf 88' lang='lat' dir='ltr'><strong>ex</strong></span> <span class='ocrx_word' id='word_1_134' title='bbox 1075 1858 1398 1918; x_wconf 84' lang='lat' dir='ltr'><strong>amicorum</strong></span> <span class='ocrx_word' id='word_1_135' title='bbox 1425 1858 1667 1920; x_wconf 81' lang='lat' dir='ltr'><strong>cohorte</strong></span> <span class='ocrx_word' id='word_1_136' title='bbox 1708 1861 2031 1938; x_wconf 66' lang='lat' dir='ltr'><strong>praeponit:</strong></span> <span class='ocrx_word' id='word_1_137' title='bbox 2076 1861 2373 1922; x_wconf 81' lang='lat' dir='ltr'><strong>attributis</strong></span> 
     </span>
     <span class='ocr_line' id='line_1_17' title="bbox 168 1952 2375 2034; baseline 0 -18"><span class='ocrx_word' id='word_1_138' title='bbox 168 1956 524 2034; x_wconf 78' lang='lat' dir='ltr'><strong>Argivorum</strong></span> <span class='ocrx_word' id='word_1_139' title='bbox 541 1953 807 2022; x_wconf 71' lang='lat' dir='ltr'><strong>auxiliis:</strong></span> <span class='ocrx_word' id='word_1_140' title='bbox 835 1963 1064 2014; x_wconf 87' lang='lat' dir='ltr'><strong>ceteras</strong></span> <span class='ocrx_word' id='word_1_141' title='bbox 1087 1952 1378 2012; x_wconf 86' lang='lat' dir='ltr'><strong>sociorum</strong></span> <span class='ocrx_word' id='word_1_142' title='bbox 1399 1955 1606 2032; x_wconf 89' lang='lat' dir='ltr'><strong>copias</strong></span> <span class='ocrx_word' id='word_1_143' title='bbox 1626 1972 1763 2014; x_wconf 88' lang='lat' dir='ltr'><strong>cum</strong></span> <span class='ocrx_word' id='word_1_144' title='bbox 1786 1953 1935 2013; x_wconf 85' lang='lat' dir='ltr'><strong>Cala</strong></span> <span class='ocrx_word' id='word_1_145' title='bbox 1950 1963 2013 2013; x_wconf 87' lang='lat' dir='ltr'><strong>et</strong></span> <span class='ocrx_word' id='word_1_146' title='bbox 2032 1953 2375 2017; x_wconf 79' lang='lat' dir='ltr'><strong>Alexandro</strong></span> 
     </span>
     <span class='ocr_line' id='line_1_18' title="bbox 171 2045 2373 2130; baseline 0 -19"><span class='ocrx_word' id='word_1_147' title='bbox 171 2051 375 2130; x_wconf 71' lang='lat' dir='ltr'><strong>Eropi</strong></span> <span class='ocrx_word' id='word_1_148' title='bbox 403 2051 526 2110; x_wconf 83' lang='lat' dir='ltr'><strong>filio</strong></span> <span class='ocrx_word' id='word_1_149' title='bbox 565 2049 626 2108; x_wconf 90' lang='lat' dir='ltr'><strong>in</strong></span> <span class='ocrx_word' id='word_1_150' title='bbox 670 2049 1008 2110; x_wconf 85' lang='lat' dir='ltr'><strong>Memnonis</strong></span> <span class='ocrx_word' id='word_1_151' title='bbox 1049 2048 1463 2127; x_wconf 71' lang='lat' dir='ltr'><strong>praefecturam</strong></span> <span class='ocrx_word' id='word_1_152' title='bbox 1502 2049 1797 2110; x_wconf 84' lang='lat' dir='ltr'><strong>immittit:</strong></span> <span class='ocrx_word' id='word_1_153' title='bbox 1838 2045 2228 2129; x_wconf 79' lang='lat' dir='ltr'><strong>vectigalibus</strong></span> <span class='ocrx_word' id='word_1_154' title='bbox 2269 2053 2373 2112; x_wconf 86' lang='lat' dir='ltr'><strong>tri-</strong></span> 
     </span>
     <span class='ocr_line' id='line_1_19' title="bbox 168 2142 2373 2225; baseline -0 -17"><span class='ocrx_word' id='word_1_155' title='bbox 168 2145 450 2225; x_wconf 87' lang='lat' dir='ltr'><strong>butisque</strong></span> <span class='ocrx_word' id='word_1_156' title='bbox 471 2144 824 2224; x_wconf 84' lang='lat' dir='ltr'><strong>colligendis</strong></span> <span class='ocrx_word' id='word_1_157' title='bbox 851 2143 1082 2203; x_wconf 86' lang='lat' dir='ltr'><strong>Niciam</strong></span> <span class='ocrx_word' id='word_1_158' title='bbox 1102 2142 1402 2222; x_wconf 85' lang='lat' dir='ltr'><strong>quendam</strong></span> <span class='ocrx_word' id='word_1_159' title='bbox 1425 2145 1699 2224; x_wconf 75' lang='lat' dir='ltr'><strong>praeficit:</strong></span> <span class='ocrx_word' id='word_1_160' title='bbox 1749 2144 2085 2204; x_wconf 85' lang='lat' dir='ltr'><strong>Asandrum</strong></span> <span class='ocrx_word' id='word_1_161' title='bbox 2118 2144 2373 2207; x_wconf 74' lang='lat' dir='ltr'><strong>Philone</strong></span> 
     </span>
     <span class='ocr_line' id='line_1_20' title="bbox 169 2228 2373 2320; baseline -0 -19"><span class='ocrx_word' id='word_1_162' title='bbox 169 2239 356 2302; x_wconf 78' lang='lat' dir='ltr'><strong>filium</strong></span> <span class='ocrx_word' id='word_1_163' title='bbox 388 2239 613 2320; x_wconf 83' lang='lat' dir='ltr'><strong>Lydiae,</strong></span> <span class='ocrx_word' id='word_1_164' title='bbox 660 2228 876 2318; x_wconf 82' lang='lat' dir='ltr'><strong>quibus</strong></span> <span class='ocrx_word' id='word_1_165' title='bbox 919 2237 1137 2297; x_wconf 86' lang='lat' dir='ltr'><strong>finibus</strong></span> <span class='ocrx_word' id='word_1_166' title='bbox 1191 2235 1589 2318; x_wconf 85' lang='lat' dir='ltr'><strong>Spitbridates</strong></span> <span class='ocrx_word' id='word_1_167' title='bbox 1632 2239 1923 2300; x_wconf 86' lang='lat' dir='ltr'><strong>tenuisset</strong></span> <span class='ocrx_word' id='word_1_168' title='bbox 1948 2257 1965 2296; x_wconf 71' lang='grc' dir='ltr'><em>ε</em></span> <span class='ocrx_word' id='word_1_169' title='bbox 2010 2240 2136 2300; x_wconf 86' lang='lat' dir='ltr'><strong>dati</strong></span> <span class='ocrx_word' id='word_1_170' title='bbox 2183 2241 2259 2300; x_wconf 91' lang='lat' dir='ltr'><strong>ad</strong></span> <span class='ocrx_word' id='word_1_171' title='bbox 2310 2242 2373 2300; x_wconf 93' lang='lat' dir='ltr'><strong>id</strong></span> 
     </span>
     <span class='ocr_line' id='line_1_21' title="bbox 170 2333 2374 2416; baseline 0 -19"><span class='ocrx_word' id='word_1_172' title='bbox 170 2336 404 2415; x_wconf 80' lang='lat' dir='ltr'><strong>equites</strong></span> <span class='ocrx_word' id='word_1_173' title='bbox 430 2353 566 2395; x_wconf 89' lang='lat' dir='ltr'><strong>cum</strong></span> <span class='ocrx_word' id='word_1_174' title='bbox 589 2333 882 2414; x_wconf 86' lang='lat' dir='ltr'><strong>expeditis</strong></span> <span class='ocrx_word' id='word_1_175' title='bbox 911 2333 1272 2406; x_wconf 84' lang='lat' dir='ltr'><strong>cohortibus,</strong></span> <span class='ocrx_word' id='word_1_176' title='bbox 1311 2344 1460 2413; x_wconf 86' lang='lat' dir='ltr'><strong>quot</strong></span> <span class='ocrx_word' id='word_1_177' title='bbox 1500 2335 1559 2395; x_wconf 91' lang='lat' dir='ltr'><strong>in</strong></span> <span class='ocrx_word' id='word_1_178' title='bbox 1590 2335 1908 2415; x_wconf 83' lang='lat' dir='ltr'><strong>praesentia</strong></span> <span class='ocrx_word' id='word_1_179' title='bbox 1934 2333 2233 2397; x_wconf 82' lang='lat' dir='ltr'><strong>suffecturi</strong></span> <span class='ocrx_word' id='word_1_180' title='bbox 2260 2355 2374 2416; x_wconf 89' lang='lat' dir='ltr'><strong>pu-</strong></span> 
     </span>
     <span class='ocr_line' id='line_1_22' title="bbox 169 2430 2377 2511; baseline 0.001 -20"><span class='ocrx_word' id='word_1_181' title='bbox 169 2432 474 2492; x_wconf 88' lang='lat' dir='ltr'><strong>tabantur.</strong></span> <span class='ocrx_word' id='word_1_182' title='bbox 524 2432 618 2491; x_wconf 84' lang='lat'><strong>16.</strong></span> <span class='ocrx_word' id='word_1_183' title='bbox 651 2431 849 2511; x_wconf 86' lang='lat' dir='ltr'><strong>Lydos</strong></span> <span class='ocrx_word' id='word_1_184' title='bbox 885 2448 1092 2489; x_wconf 86' lang='lat' dir='ltr'><strong>omnes</strong></span> <span class='ocrx_word' id='word_1_185' title='bbox 1115 2430 1237 2489; x_wconf 84' lang='lat' dir='ltr'><strong>suis</strong></span> <span class='ocrx_word' id='word_1_186' title='bbox 1257 2430 1487 2509; x_wconf 83' lang='lat' dir='ltr'><strong>legibus</strong></span> <span class='ocrx_word' id='word_1_187' title='bbox 1505 2430 1687 2491; x_wconf 90' lang='lat' dir='ltr'><strong>libere</strong></span> <span class='ocrx_word' id='word_1_188' title='bbox 1712 2432 1800 2491; x_wconf 89' lang='lat' dir='ltr'><strong>uti</strong></span> <span class='ocrx_word' id='word_1_189' title='bbox 1826 2432 2091 2511; x_wconf 85' lang='lat' dir='ltr'><strong>permisit</strong></span> <span class='ocrx_word' id='word_1_190' title='bbox 2111 2451 2128 2499; x_wconf 72' lang='grc' dir='ltr'>ς</span> <span class='ocrx_word' id='word_1_191' title='bbox 2150 2441 2211 2492; x_wconf 88' lang='lat' dir='ltr'><strong>et</strong></span> <span class='ocrx_word' id='word_1_192' title='bbox 2236 2434 2377 2511; x_wconf 90' lang='lat' dir='ltr'><strong>quia</strong></span> 
     </span>
     <span class='ocr_line' id='line_1_23' title="bbox 169 2524 2371 2609; baseline 0.001 -24"><span class='ocrx_word' id='word_1_193' title='bbox 169 2526 498 2587; x_wconf 82' lang='lat' dir='ltr'><strong>Sardianos</strong></span> <span class='ocrx_word' id='word_1_194' title='bbox 525 2526 763 2598; x_wconf 75' lang='lat' dir='ltr'><strong>Dianae,</strong></span> <span class='ocrx_word' id='word_1_195' title='bbox 787 2546 968 2605; x_wconf 88' lang='lat' dir='ltr'><strong>quam</strong></span> <span class='ocrx_word' id='word_1_196' title='bbox 1009 2533 1028 2561; x_wconf 84' lang='lat'><em>⁰</em></span> <span class='ocrx_word' id='word_1_197' title='bbox 1051 2525 1373 2585; x_wconf 65' lang='lat' dir='ltr'><strong>Coloenem</strong></span> <span class='ocrx_word' id='word_1_198' title='bbox 1395 2526 1412 2551; x_wconf 87' lang='lat'><em>&#39;</em></span> <span class='ocrx_word' id='word_1_199' title='bbox 1453 2524 1717 2600; x_wconf 67' lang='lat' dir='ltr'><strong>vocant,¹²</strong></span> <span class='ocrx_word' id='word_1_200' title='bbox 1734 2526 1921 2589; x_wconf 88' lang='lat' dir='ltr'><strong>cultui</strong></span> <span class='ocrx_word' id='word_1_201' title='bbox 1949 2526 2183 2587; x_wconf 85' lang='lat' dir='ltr'><strong>deditos</strong></span> <span class='ocrx_word' id='word_1_202' title='bbox 2228 2546 2371 2609; x_wconf 82' lang='lat' dir='ltr'><strong>cog·-</strong></span> 
     </span>
     <span class='ocr_line' id='line_1_24' title="bbox 169 2618 2373 2700; baseline 0.001 -19"><span class='ocrx_word' id='word_1_203' title='bbox 169 2632 442 2693; x_wconf 79' lang='lat' dir='ltr'><strong>noverat,</strong></span> <span class='ocrx_word' id='word_1_204' title='bbox 469 2620 625 2681; x_wconf 89' lang='lat' dir='ltr'><strong>illius</strong></span> <span class='ocrx_word' id='word_1_205' title='bbox 652 2620 874 2700; x_wconf 83' lang='lat' dir='ltr'><strong>templo</strong></span> <span class='ocrx_word' id='word_1_206' title='bbox 886 2619 988 2700; x_wconf 87' lang='lat' dir='ltr'><strong>jus</strong></span> <span class='ocrx_word' id='word_1_207' title='bbox 1017 2618 1170 2698; x_wconf 82' lang='lat' dir='ltr'><strong>asyli</strong></span> <span class='ocrx_word' id='word_1_208' title='bbox 1197 2620 1563 2699; x_wconf 81' lang='lat' dir='ltr'><strong>gratificatus</strong></span> <span class='ocrx_word' id='word_1_209' title='bbox 1586 2631 1699 2681; x_wconf 91' lang='lat' dir='ltr'><strong>est.</strong></span> <span class='ocrx_word' id='word_1_210' title='bbox 1771 2621 2106 2681; x_wconf 85' lang='lat' dir='ltr'><strong>Mithreuen</strong></span> <span class='ocrx_word' id='word_1_211' title='bbox 2136 2621 2373 2683; x_wconf 91' lang='lat' dir='ltr'><strong>honori-</strong></span> 
     </span>
     <span class='ocr_line' id='line_1_25' title="bbox 167 2714 2370 2795; baseline 0.001 -18"><span class='ocrx_word' id='word_1_212' title='bbox 167 2719 280 2777; x_wconf 79' lang='lat' dir='ltr'><strong>fice</strong></span> <span class='ocrx_word' id='word_1_213' title='bbox 310 2736 514 2777; x_wconf 85' lang='lat' dir='ltr'><strong>secum</strong></span> <span class='ocrx_word' id='word_1_214' title='bbox 529 2717 753 2789; x_wconf 86' lang='lat' dir='ltr'><strong>habuit,</strong></span> <span class='ocrx_word' id='word_1_215' title='bbox 781 2726 852 2776; x_wconf 86' lang='lat' dir='ltr'><strong>ut</strong></span> <span class='ocrx_word' id='word_1_216' title='bbox 875 2720 1004 2795; x_wconf 88' lang='lat' dir='ltr'><strong>ejus</strong></span> <span class='ocrx_word' id='word_1_217' title='bbox 1031 2714 1305 2794; x_wconf 87' lang='lat' dir='ltr'><strong>exemplo</strong></span> <span class='ocrx_word' id='word_1_218' title='bbox 1332 2724 1394 2775; x_wconf 88' lang='lat' dir='ltr'><strong>et</strong></span> <span class='ocrx_word' id='word_1_219' title='bbox 1415 2715 1565 2775; x_wconf 85' lang='lat' dir='ltr'><strong>alios</strong></span> <span class='ocrx_word' id='word_1_220' title='bbox 1587 2716 1663 2775; x_wconf 89' lang='lat' dir='ltr'><strong>ad</strong></span> <span class='ocrx_word' id='word_1_221' title='bbox 1685 2716 2077 2795; x_wconf 85' lang='lat' dir='ltr'><strong>proditionem</strong></span> <span class='ocrx_word' id='word_1_222' title='bbox 2094 2716 2370 2779; x_wconf 84' lang='lat' dir='ltr'><strong>illiceret:</strong></span> 
     </span>
     <span class='ocr_line' id='line_1_26' title="bbox 169 2810 2370 2893; baseline -0 -20"><span class='ocrx_word' id='word_1_223' title='bbox 169 2814 530 2893; x_wconf 86' lang='lat' dir='ltr'><strong>procedente</strong></span> <span class='ocrx_word' id='word_1_224' title='bbox 547 2822 812 2891; x_wconf 85' lang='lat' dir='ltr'><strong>tempore</strong></span> <span class='ocrx_word' id='word_1_225' title='bbox 837 2820 901 2872; x_wconf 86' lang='lat' dir='ltr'><strong>et</strong></span> <span class='ocrx_word' id='word_1_226' title='bbox 925 2812 1262 2871; x_wconf 88' lang='lat' dir='ltr'><strong>Armeniam</strong></span> <span class='ocrx_word' id='word_1_227' title='bbox 1287 2810 1510 2870; x_wconf 88' lang='lat' dir='ltr'><strong>homini</strong></span> <span class='ocrx_word' id='word_1_228' title='bbox 1532 2810 1849 2890; x_wconf 85' lang='lat' dir='ltr'><strong>regendam</strong></span> <span class='ocrx_word' id='word_1_229' title='bbox 1879 2811 2208 2871; x_wconf 50' lang='lat' dir='ltr'><strong>commisit}</strong></span> <span class='ocrx_word' id='word_1_230' title='bbox 2274 2814 2370 2873; x_wconf 83' lang='lat'><strong>17.</strong></span> 
     </span>
     <span class='ocr_line' id='line_1_27' title="bbox 169 2904 2373 2987; baseline -0 -19"><span class='ocrx_word' id='word_1_231' title='bbox 169 2910 452 2969; x_wconf 88' lang='lat' dir='ltr'><strong>Ceterum</strong></span> <span class='ocrx_word' id='word_1_232' title='bbox 479 2908 722 2987; x_wconf 86' lang='lat' dir='ltr'><strong>repertis</strong></span> <span class='ocrx_word' id='word_1_233' title='bbox 749 2908 809 2966; x_wconf 90' lang='lat' dir='ltr'><strong>in</strong></span> <span class='ocrx_word' id='word_1_234' title='bbox 841 2926 976 2967; x_wconf 86' lang='lat' dir='ltr'><strong>arce</strong></span> <span class='ocrx_word' id='word_1_235' title='bbox 1003 2906 1240 2977; x_wconf 86' lang='lat' dir='ltr'><strong>libellis,</strong></span> <span class='ocrx_word' id='word_1_236' title='bbox 1269 2904 1329 2964; x_wconf 86' lang='lat' dir='ltr'><strong>in</strong></span> <span class='ocrx_word' id='word_1_237' title='bbox 1359 2906 1573 2983; x_wconf 86' lang='lat' dir='ltr'><strong>quibus</strong></span> <span class='ocrx_word' id='word_1_238' title='bbox 1602 2906 1752 2965; x_wconf 89' lang='lat' dir='ltr'><strong>inter</strong></span> <span class='ocrx_word' id='word_1_239' title='bbox 1788 2916 1987 2964; x_wconf 84' lang='lat' dir='ltr'><strong>cetera</strong></span> <span class='ocrx_word' id='word_1_240' title='bbox 2030 2906 2373 2986; x_wconf 80' lang='lat' dir='ltr'><strong>perscriptae</strong></span> 
     </span>
     <span class='ocr_line' id='line_1_28' title="bbox 169 2999 2371 3083; baseline -0 -20"><span class='ocrx_word' id='word_1_241' title='bbox 169 3014 340 3063; x_wconf 86' lang='lat' dir='ltr'><strong>erant</strong></span> <span class='ocrx_word' id='word_1_242' title='bbox 368 3002 735 3083; x_wconf 76' lang='lat' dir='ltr'><strong>largitiones,</strong></span> <span class='ocrx_word' id='word_1_243' title='bbox 760 3004 838 3062; x_wconf 91' lang='lat' dir='ltr'><strong>ob</strong></span> <span class='ocrx_word' id='word_1_244' title='bbox 861 3002 1084 3063; x_wconf 90' lang='lat' dir='ltr'><strong>bellum</strong></span> <span class='ocrx_word' id='word_1_245' title='bbox 1114 2999 1546 3061; x_wconf 84' lang='lat' dir='ltr'><strong>Macedonibus</strong></span> <span class='ocrx_word' id='word_1_246' title='bbox 1574 3000 1631 3058; x_wconf 91' lang='lat' dir='ltr'><strong>in</strong></span> <span class='ocrx_word' id='word_1_247' title='bbox 1664 3000 1901 3059; x_wconf 63' lang='lat' dir='ltr'><strong>Graecia</strong></span> <span class='ocrx_word' id='word_1_248' title='bbox 1924 3000 2305 3061; x_wconf 88' lang='lat' dir='ltr'><strong>conflandum</strong></span> <span class='ocrx_word' id='word_1_249' title='bbox 2336 3022 2371 3062; x_wconf 91' lang='lat' dir='ltr'><strong>a</strong></span> 
     </span>
     <span class='ocr_line' id='line_1_29' title="bbox 170 3096 2372 3178; baseline -0 -20"><span class='ocrx_word' id='word_1_250' title='bbox 170 3100 426 3178; x_wconf 86' lang='lat' dir='ltr'><strong>satrapis</strong></span> <span class='ocrx_word' id='word_1_251' title='bbox 451 3098 648 3169; x_wconf 68' lang='lat' dir='ltr'><strong>facto,</strong></span> <span class='ocrx_word' id='word_1_252' title='bbox 681 3098 963 3176; x_wconf 80' lang='lat' dir='ltr'><strong>cog-novit</strong></span> <span class='ocrx_word' id='word_1_253' title='bbox 1002 3096 1465 3156; x_wconf 87' lang='lat' dir='ltr'><strong>Demosthenem</strong></span> <span class='ocrx_word' id='word_1_254' title='bbox 1507 3114 1639 3155; x_wconf 84' lang='lat' dir='ltr'><strong>cam</strong></span> <span class='ocrx_word' id='word_1_255' title='bbox 1681 3096 1759 3154; x_wconf 90' lang='lat' dir='ltr'><strong>ob</strong></span> <span class='ocrx_word' id='word_1_256' title='bbox 1806 3113 2049 3155; x_wconf 89' lang='lat' dir='ltr'><strong>causam</strong></span> <span class='ocrx_word' id='word_1_257' title='bbox 2092 3114 2372 3175; x_wconf 85' lang='lat' dir='ltr'><strong>magnum</strong></span> 
     </span>
     <span class='ocr_line' id='line_1_30' title="bbox 173 3189 2367 3274; baseline 0 -21"><span class='ocrx_word' id='word_1_258' title='bbox 173 3195 299 3255; x_wconf 86' lang='lat' dir='ltr'><strong>auri</strong></span> <span class='ocrx_word' id='word_1_259' title='bbox 327 3192 564 3274; x_wconf 87' lang='lat' dir='ltr'><strong>pondus</strong></span> <span class='ocrx_word' id='word_1_260' title='bbox 609 3192 947 3273; x_wconf 69' lang='lat' dir='ltr'><strong>accepis-ez</strong></span> <span class='ocrx_word' id='word_1_261' title='bbox 971 3194 1012 3221; x_wconf 82' lang='lat'><strong>¹¹</strong></span> <span class='ocrx_word' id='word_1_262' title='bbox 1049 3192 1218 3271; x_wconf 86' lang='lat' dir='ltr'><strong>cujus</strong></span> <span class='ocrx_word' id='word_1_263' title='bbox 1269 3192 1449 3251; x_wconf 87' lang='lat' dir='ltr'><strong>etiam</strong></span> <span class='ocrx_word' id='word_1_264' title='bbox 1502 3190 1771 3270; x_wconf 74' lang='lat' dir='ltr'><strong>epistolas</strong></span> <span class='ocrx_word' id='word_1_265' title='bbox 1826 3189 1907 3250; x_wconf 90' lang='lat' dir='ltr'><strong>ibi</strong></span> <span class='ocrx_word' id='word_1_266' title='bbox 1962 3193 2367 3253; x_wconf 78' lang='lat' dir='ltr'><strong>servabantur.</strong></span> 
     </span>
     <span class='ocr_line' id='line_1_31' title="bbox 179 3284 2371 3367; baseline -0.001 -19"><span class='ocrx_word' id='word_1_267' title='bbox 179 3292 276 3348; x_wconf 82' lang='lat'><strong>18.</strong></span> <span class='ocrx_word' id='word_1_268' title='bbox 299 3288 422 3349; x_wconf 90' lang='lat' dir='ltr'><strong>Sed</strong></span> <span class='ocrx_word' id='word_1_269' title='bbox 452 3286 593 3367; x_wconf 89' lang='lat' dir='ltr'><strong>quia</strong></span> <span class='ocrx_word' id='word_1_270' title='bbox 613 3306 762 3367; x_wconf 86' lang='lat' dir='ltr'><strong>pace</strong></span> <span class='ocrx_word' id='word_1_271' title='bbox 790 3305 926 3346; x_wconf 84' lang='lat' dir='ltr'><strong>cum</strong></span> <span class='ocrx_word' id='word_1_272' title='bbox 948 3284 1409 3347; x_wconf 85' lang='lat' dir='ltr'><strong>Atheniensibus</strong></span> <span class='ocrx_word' id='word_1_273' title='bbox 1438 3286 1584 3345; x_wconf 89' lang='lat' dir='ltr'><strong>inita</strong></span> <span class='ocrx_word' id='word_1_274' title='bbox 1604 3296 1907 3346; x_wconf 86' lang='lat' dir='ltr'><strong>transacta</strong></span> <span class='ocrx_word' id='word_1_275' title='bbox 1931 3304 2026 3346; x_wconf 90' lang='lat' dir='ltr'><strong>res</strong></span> <span class='ocrx_word' id='word_1_276' title='bbox 2054 3296 2199 3359; x_wconf 84' lang='lat' dir='ltr'><strong>erat,</strong></span> <span class='ocrx_word' id='word_1_277' title='bbox 2224 3286 2371 3346; x_wconf 87' lang='lat' dir='ltr'><strong>nihil</strong></span> 
     </span>
     <span class='ocr_line' id='line_1_32' title="bbox 173 3370 2370 3463; baseline -0.002 -19"><span class='ocrx_word' id='word_1_278' title='bbox 173 3402 244 3444; x_wconf 85' lang='lat' dir='ltr'><strong>ea</strong></span> <span class='ocrx_word' id='word_1_279' title='bbox 265 3383 346 3444; x_wconf 92' lang='lat' dir='ltr'><strong>de</strong></span> <span class='ocrx_word' id='word_1_280' title='bbox 373 3402 438 3443; x_wconf 90' lang='lat' dir='ltr'><strong>re</strong></span> <span class='ocrx_word' id='word_1_281' title='bbox 463 3382 662 3463; x_wconf 88' lang='lat' dir='ltr'><strong>palam</strong></span> <span class='ocrx_word' id='word_1_282' title='bbox 691 3391 1056 3461; x_wconf 85' lang='lat' dir='ltr'><strong>conquestus</strong></span> <span class='ocrx_word' id='word_1_283' title='bbox 1081 3390 1206 3450; x_wconf 67' lang='lat' dir='ltr'><strong>estg</strong></span> <span class='ocrx_word' id='word_1_284' title='bbox 1236 3392 1496 3441; x_wconf 87' lang='lat' dir='ltr'><strong>ceterum</strong></span> <span class='ocrx_word' id='word_1_285' title='bbox 1514 3370 1836 3441; x_wconf 63' lang='lat' dir='ltr'><strong>&#39;intentiore</strong></span> <span class='ocrx_word' id='word_1_286' title='bbox 1856 3400 1999 3441; x_wconf 82' lang='lat' dir='ltr'><strong>cura</strong></span> <span class='ocrx_word' id='word_1_287' title='bbox 2024 3380 2370 3459; x_wconf 74' lang='lat' dir='ltr'><strong>agitandum</strong></span> 
     </span>
     <span class='ocr_line' id='line_1_33' title="bbox 171 3474 2367 3557; baseline -0.002 -19"><span class='ocrx_word' id='word_1_288' title='bbox 171 3480 426 3549; x_wconf 87' lang='lat' dir='ltr'><strong>censuit,</strong></span> <span class='ocrx_word' id='word_1_289' title='bbox 453 3476 750 3557; x_wconf 90' lang='lat' dir='ltr'><strong>quomodo</strong></span> <span class='ocrx_word' id='word_1_290' title='bbox 780 3476 1065 3536; x_wconf 79' lang='lat' dir='ltr'><strong>adversus</strong></span> <span class='ocrx_word' id='word_1_291' title='bbox 1092 3477 1392 3536; x_wconf 85' lang='lat' dir='ltr'><strong>efficacem</strong></span> <span class='ocrx_word' id='word_1_292' title='bbox 1419 3474 1529 3535; x_wconf 81' lang='lat' dir='ltr'><strong>viri</strong></span> <span class='ocrx_word' id='word_1_293' title='bbox 1567 3476 1965 3554; x_wconf 82' lang='lat' dir='ltr'><strong>eloquentiam</strong></span> <span class='ocrx_word' id='word_1_294' title='bbox 2010 3475 2263 3533; x_wconf 64' lang='lat' dir='ltr'><strong>Athena</strong></span> <span class='ocrx_word' id='word_1_295' title='bbox 2308 3477 2367 3535; x_wconf 90' lang='lat' dir='ltr'><strong>in</strong></span> 
     </span>
     <span class='ocr_line' id='line_1_34' title="bbox 175 3568 2369 3649; baseline -0.002 -15"><span class='ocrx_word' id='word_1_296' title='bbox 175 3573 372 3635; x_wconf 85' lang='lat' dir='ltr'><strong>officio</strong></span> <span class='ocrx_word' id='word_1_297' title='bbox 398 3573 863 3645; x_wconf 86' lang='lat' dir='ltr'><strong>continerentur,</strong></span> <span class='ocrx_word' id='word_1_298' title='bbox 893 3591 1002 3631; x_wconf 90' lang='lat' dir='ltr'><strong>sua</strong></span> <span class='ocrx_word' id='word_1_299' title='bbox 1031 3570 1362 3633; x_wconf 84' lang='lat' dir='ltr'><strong>defectione</strong></span> <span class='ocrx_word' id='word_1_300' title='bbox 1389 3571 1724 3631; x_wconf 81' lang='lat' dir='ltr'><strong>universam</strong></span> <span class='ocrx_word' id='word_1_301' title='bbox 1745 3568 2038 3629; x_wconf 78' lang='lat' dir='ltr'><strong>Graeciam</strong></span> <span class='ocrx_word' id='word_1_302' title='bbox 2068 3570 2130 3627; x_wconf 87' lang='lat' dir='ltr'><strong>in</strong></span> <span class='ocrx_word' id='word_1_303' title='bbox 2170 3580 2369 3649; x_wconf 88' lang='lat' dir='ltr'><strong>partes</strong></span> 
     </span>
     <span class='ocr_line' id='line_1_35' title="bbox 173 3664 2369 3745; baseline -0.003 -16"><span class='ocrx_word' id='word_1_304' title='bbox 173 3680 452 3729; x_wconf 78' lang='lat' dir='ltr'><strong>tracturoe</strong></span> <span class='ocrx_word' id='word_1_305' title='bbox 477 3686 494 3726; x_wconf 71' lang='grc' dir='ltr'><strong>ι</strong></span> <span class='ocrx_word' id='word_1_306' title='bbox 537 3684 712 3728; x_wconf 86' lang='lat' dir='ltr'><strong>nemo</strong></span> <span class='ocrx_word' id='word_1_307' title='bbox 736 3668 1087 3727; x_wconf 89' lang='lat' dir='ltr'><strong>occurrebat</strong></span> <span class='ocrx_word' id='word_1_308' title='bbox 1113 3666 1416 3727; x_wconf 87' lang='lat' dir='ltr'><strong>Phocione</strong></span> <span class='ocrx_word' id='word_1_309' title='bbox 1444 3665 1701 3745; x_wconf 80' lang='lat' dir='ltr'><strong>dignior,</strong></span> <span class='ocrx_word' id='word_1_310' title='bbox 1728 3665 1896 3744; x_wconf 88' lang='lat' dir='ltr'><strong>cujus</strong></span> <span class='ocrx_word' id='word_1_311' title='bbox 1925 3664 2072 3723; x_wconf 88' lang='lat' dir='ltr'><strong>mira</strong></span> <span class='ocrx_word' id='word_1_312' title='bbox 2092 3664 2369 3725; x_wconf 87' lang='lat' dir='ltr'><strong>innocen-</strong></span> 
     </span>
     <span class='ocr_line' id='line_1_36' title="bbox 175 3758 2369 3841; baseline -0.003 -16"><span class='ocrx_word' id='word_1_313' title='bbox 175 3764 280 3834; x_wconf 88' lang='lat' dir='ltr'><strong>tia,</strong></span> <span class='ocrx_word' id='word_1_314' title='bbox 307 3773 367 3824; x_wconf 92' lang='lat' dir='ltr'><strong>et</strong></span> <span class='ocrx_word' id='word_1_315' title='bbox 392 3763 473 3822; x_wconf 92' lang='lat' dir='ltr'><strong>ob</strong></span> <span class='ocrx_word' id='word_1_316' title='bbox 501 3762 895 3823; x_wconf 83' lang='lat' dir='ltr'><strong>constantiam</strong></span> <span class='ocrx_word' id='word_1_317' title='bbox 921 3762 1152 3823; x_wconf 81' lang='lat' dir='ltr'><strong>virtutis</strong></span> <span class='ocrx_word' id='word_1_318' title='bbox 1177 3762 1471 3821; x_wconf 87' lang='lat' dir='ltr'><strong>honorata</strong></span> <span class='ocrx_word' id='word_1_319' title='bbox 1496 3774 1813 3841; x_wconf 84' lang='lat' dir='ltr'><strong>paupertas</strong></span> <span class='ocrx_word' id='word_1_320' title='bbox 1844 3770 1991 3819; x_wconf 89' lang='lat' dir='ltr'><strong>erat.</strong></span> <span class='ocrx_word' id='word_1_321' title='bbox 2046 3776 2053 3781; x_wconf 83' lang='lat'><strong>·</strong></span> <span class='ocrx_word' id='word_1_322' title='bbox 2080 3758 2173 3819; x_wconf 88' lang='lat'><strong>19.</strong></span> <span class='ocrx_word' id='word_1_323' title='bbox 2218 3758 2369 3819; x_wconf 86' lang='lat' dir='ltr'><strong>Eum</strong></span> 
     </span>
     <span class='ocr_line' id='line_1_37' title="bbox 175 3854 2371 3938; baseline -0.002 -17"><span class='ocrx_word' id='word_1_324' title='bbox 175 3878 337 3938; x_wconf 73' lang='lat' dir='ltr'><strong>ergo,</strong></span> <span class='ocrx_word' id='word_1_325' title='bbox 363 3858 616 3938; x_wconf 86' lang='lat' dir='ltr'><strong>primum</strong></span> <span class='ocrx_word' id='word_1_326' title='bbox 642 3860 720 3919; x_wconf 89' lang='lat' dir='ltr'><strong>ob</strong></span> <span class='ocrx_word' id='word_1_327' title='bbox 747 3878 944 3931; x_wconf 87' lang='lat' dir='ltr'><strong>usum,</strong></span> <span class='ocrx_word' id='word_1_328' title='bbox 973 3856 1188 3919; x_wconf 84' lang='lat' dir='ltr'><strong>deinde</strong></span> <span class='ocrx_word' id='word_1_329' title='bbox 1211 3868 1278 3917; x_wconf 90' lang='lat' dir='ltr'><strong>ut</strong></span> <span class='ocrx_word' id='word_1_330' title='bbox 1301 3856 1557 3917; x_wconf 88' lang='lat' dir='ltr'><strong>hominis</strong></span> <span class='ocrx_word' id='word_1_331' title='bbox 1586 3854 2126 3933; x_wconf 82' lang='lat' dir='ltr'><strong>magnanimitatem</strong></span> <span class='ocrx_word' id='word_1_332' title='bbox 2170 3854 2371 3916; x_wconf 85' lang='lat' dir='ltr'><strong>multis</strong></span> 
     </span>
    </p>
   </div>
   <div class='ocr_carea' id='block_1_3' title="bbox 241 4030 2372 4246">
    <p class='ocr_par' dir='ltr' id='par_1_3' title="bbox 241 4030 2372 4246">
     <span class='ocr_line' id='line_1_38' title="bbox 241 4030 1823 4083; baseline -0.003 0"><span class='ocrx_word' id='word_1_333' title='bbox 241 4032 266 4065; x_wconf 83' lang='lat'><strong>¹·</strong></span> <span class='ocrx_word' id='word_1_334' title='bbox 298 4030 506 4083; x_wconf 79' lang='lat' dir='ltr'><strong>Arrisu.</strong></span> <span class='ocrx_word' id='word_1_335' title='bbox 521 4030 560 4082; x_wconf 87' lang='lat' dir='ltr'><strong>l.</strong></span> <span class='ocrx_word' id='word_1_336' title='bbox 576 4032 613 4082; x_wconf 91' lang='grc'><strong>1.</strong></span> <span class='ocrx_word' id='word_1_337' title='bbox 1373 4030 1388 4065; x_wconf 86' lang='lat'>¹</span> <span class='ocrx_word' id='word_1_338' title='bbox 1421 4030 1571 4081; x_wconf 82' lang='lat' dir='ltr'><strong>curt.</strong></span> <span class='ocrx_word' id='word_1_339' title='bbox 1594 4042 1650 4079; x_wconf 81' lang='lat' dir='ltr'><strong>v.</strong></span> <span class='ocrx_word' id='word_1_340' title='bbox 1669 4033 1717 4078; x_wconf 87' lang='lat'><strong>1.</strong></span> <span class='ocrx_word' id='word_1_341' title='bbox 1740 4031 1823 4079; x_wconf 78' lang='grc'><strong>44.</strong></span> 
     </span>
     <span class='ocr_line' id='line_1_39' title="bbox 243 4102 2372 4168; baseline -0.001 -11"><span class='ocrx_word' id='word_1_342' title='bbox 243 4108 260 4141; x_wconf 81' lang='lat'>¹</span> <span class='ocrx_word' id='word_1_343' title='bbox 287 4107 374 4158; x_wconf 79' lang='lat' dir='ltr'><strong>ld,</strong></span> <span class='ocrx_word' id='word_1_344' title='bbox 393 4108 430 4158; x_wconf 85' lang='grc'><strong>1.</strong></span> <span class='ocrx_word' id='word_1_345' title='bbox 451 4108 489 4157; x_wconf 80' lang='lat'><strong>1.</strong></span> <span class='ocrx_word' id='word_1_346' title='bbox 1373 4112 1412 4139; x_wconf 81' lang='lat'><strong>¹¹·</strong></span> <span class='ocrx_word' id='word_1_347' title='bbox 1446 4102 1605 4156; x_wconf 84' lang='lat' dir='ltr'><strong>Diod.</strong></span> <span class='ocrx_word' id='word_1_348' title='bbox 1638 4103 1743 4154; x_wconf 84' lang='lat' dir='ltr'><strong>Sic.</strong></span> <span class='ocrx_word' id='word_1_349' title='bbox 1784 4116 1928 4155; x_wconf 66' lang='grc' dir='ltr'><strong>ινιτ.</strong></span> <span class='ocrx_word' id='word_1_350' title='bbox 1960 4117 2014 4168; x_wconf 80' lang='lat' dir='ltr'><strong>p.</strong></span> <span class='ocrx_word' id='word_1_351' title='bbox 2053 4108 2172 4157; x_wconf 71' lang='lat'><strong>⁶⁶4.</strong></span> <span class='ocrx_word' id='word_1_352' title='bbox 2226 4104 2372 4156; x_wconf 85' lang='lat' dir='ltr'><strong>Plut.</strong></span> 
     </span>
     <span class='ocr_line' id='line_1_40' title="bbox 243 4180 1800 4246; baseline -0.003 -13"><span class='ocrx_word' id='word_1_353' title='bbox 243 4180 268 4215; x_wconf 56' lang='grc' dir='ltr'><strong><em>Β</em></strong></span> <span class='ocrx_word' id='word_1_354' title='bbox 295 4182 474 4233; x_wconf 75' lang='lat' dir='ltr'><strong>Strab-</strong></span> <span class='ocrx_word' id='word_1_355' title='bbox 497 4194 626 4235; x_wconf 80' lang='lat' dir='ltr'><strong>xm·</strong></span> <span class='ocrx_word' id='word_1_356' title='bbox 647 4196 702 4246; x_wconf 83' lang='lat' dir='ltr'><strong>p.</strong></span> <span class='ocrx_word' id='word_1_357' title='bbox 723 4184 840 4232; x_wconf 72' lang='lat'><strong>⁶8⁶.</strong></span> <span class='ocrx_word' id='word_1_358' title='bbox 1315 4180 1588 4231; x_wconf 86' lang='lat' dir='ltr'><strong>Demostb.</strong></span> <span class='ocrx_word' id='word_1_359' title='bbox 1611 4193 1663 4243; x_wconf 82' lang='lat' dir='ltr'><strong>p.</strong></span> <span class='ocrx_word' id='word_1_360' title='bbox 1686 4182 1800 4229; x_wconf 77' lang='lat'><strong>855.</strong></span> 
     </span>
    </p>
   </div>
  </div>
 </body>
</html>
