2858 4782
563 345 652 411 82
1352 360 1409 407 J.
1460 357 1967 409 rnnmsnnmr

563 501 1014 565 Atheniensium
1061 500 1270 561 civitas
1299 509 1445 561 tunc
1470 502 1645 575 etjam
1672 501 1887 580 opibus
1916 512 1977 561 et
2004 502 2357 563 auctoritate
2386 502 2533 563 satis
2554 502 2731 582 polle·-

564 601 702 661 bat:
745 618 862 659 nec
901 597 1314 657 Thebanorum
1357 606 1465 657 sut
1514 597 1781 676 potentie
1822 616 1941 663 non
1988 596 2427 657 contemnende
2468 606 2603 667 eret,
2642 606 2747 656 sut

565 693 764 775 opinio
787 712 805 751 ι
844 692 1100 754 necdum
1129 690 1469 753 exoleverat
1494 691 1777 751 memoria
1806 690 2131 751 Leuctrica
2158 710 2401 770 pugnes,
2440 709 2556 768 qna
2590 692 2746 768 prin-

565 788 825 867 cipatum
869 787 1124 848 Groecioe
1175 784 1639 846 anedoemoniis
1688 796 2077 847 extorserant.
2166 788 2289 845 29.
2356 785 2539 865 Igitur
2578 796 2643 843 nt
2684 794 2749 843 et

566 883 858 945 sociorum
900 884 1275 943 confirmaret
1313 884 1563 950 animos,
1606 893 1669 942 et
1715 881 1967 942 diversoe
1993 882 2267 941 factionis
2292 880 2749 941 machinationes

563 972 961 1061 proven-teret,
989 978 1304 1056 Amyntam
1325 986 1387 1036 et
1406 975 1763 1036 clearchum
1784 975 2155 1036 Macedonas
2179 994 2251 1035 eo
2272 974 2467 1041 misitz
2485 980 2506 1006 '
2528 972 2749 1041 addito,

563 1070 739 1151 cnjus
763 1070 1122 1150 eloquentie
1147 1070 1465 1151 plurimum
1490 1068 1737 1143 fidebat,
1780 1069 2053 1151 Pythone
2098 1070 2387 1151 Byzantio
2406 1075 2459 1129 ι·
2496 1088 2659 1148 quem
2684 1069 2752 1127 in

563 1165 818 1227 concilio
846 1166 1185 1227 Boeotorum
1209 1164 1296 1227 ite
1315 1166 1583 1227 locutum
1612 1165 1973 1245 accepimns.

645 1262 754 1323 v‘1.
821 1265 876 1322 1.
917 1268 936 1297 ‘
959 1262 1026 1319 Si
1073 1260 1348 1339 Philippo
1397 1261 1458 1319 in
1508 1258 1867 1321 Macedonia
1912 1259 2245 1335 desidente,
2278 1258 2543 1320 Eleteum
2569 1259 2759 1321 Athe-

566 1356 793 1417 niensis
817 1357 1106 1417 exercitus
1137 1357 1411 1423 heberet:
1446 1374 1639 1434 neque
1670 1353 1835 1415 vobis
1866 1355 2051 1415 ullum
2078 1374 2212 1415 cum
2242 1372 2383 1433 rege
2400 1354 2629 1415 foderis
2648 1366 2765 1415 aut

473 1514 488 1523 ,
567 1452 840 1513 amicitiae
858 1452 960 1531 jus
977 1460 1138 1531 esset
1157 1472 1172 1510 ε
1201 1460 1399 1509 tamen
1417 1448 1691 1509 dubitare
1712 1466 1832 1509 non
1851 1442 2061 1521 debeo,
2076 1448 2221 1527 quin
2242 1447 2399 1507 illins
2418 1450 2765 1511 societatem

565 1547 778 1608 essetis
805 1546 1100 1627 optaturi:
1142 1544 1276 1625 quis
1323 1544 1481 1605 enim
1524 1543 1691 1603 illum
1734 1554 1904 1604 tenta
1940 1545 2228 1623 potentia,
2254 1544 2555 1623 tantisque
2579 1547 2769 1609 rebus

563 1642 776 1722 gestis,
803 1635 1026 1701 civitati
1059 1641 1220 1700 sams
1244 1657 1426 1719 quem
1472 1637 1690 1699 viribus
1735 1637 2005 1699 validiori
2049 1658 2169 1698 non
2212 1641 2621 1720 preponeret?
2698 1646 2771 1702 2.

567 1736 746 1797 Nunc
771 1747 971 1797 autern
999 1754 1136 1795 cum
1163 1733 1286 1805 illo,
1313 1732 1414 1812 qui
1442 1732 1778 1794 victricibus
1802 1733 1989 1813 copiis
2018 1732 2179 1793 velut
2211 1733 2570 1793 vestibulum
2594 1736 2767 1796 urbis

563 1842 779 1891 vestre
825 1831 1076 1901 obtinet,
1133 1827 1298 1889 socio
1347 1836 1529 1905 etque
1576 1828 1769 1888 emico
1820 1828 2107 1895 utamini:
2165 1828 2241 1887 ab
2290 1826 2763 1891 Atheniensibus

565 1924 770 1985 multis
795 1924 1089 1985 veteribus
1120 1934 1298 2001 atque
1323 1922 1499 1981 novis
1526 1922 1748 2001 injuriis
1770 1922 1967 1983 effecti
1996 1922 2161 1989 sitis:
2193 1922 2405 1982 horum
2426 1923 2773 1995 amicitiem,

567 2018 846 2097 neglecto
887 2037 1047 2098 rege,
1088 2018 1252 2077 vobis
1300 2015 1572 2089 suadere,
1613 2016 1879 2095 profecto
1926 2016 2288 2077 contumelia
2330 2027 2445 2089 est,
2471 2017 2775 2079 Thebani.

569 2114 624 2173 3.
671 2112 792 2173 Sed
835 2110 1238 2191 superbissimi
1281 2110 1619 2169 mortalium
1662 2111 1771 2169 sibi
1822 2110 1965 2169 solis
2000 2109 2301 2189 ingenium
2330 2110 2781 2191 consiliumque

569 2224 882 2287 superesse
929 2214 1278 2271 autument:
1333 2205 1615 2284 reliquos,
1665 2217 1725 2265 et
1775 2204 2037 2285 inprimis
2089 2204 2330 2266 Boeotos
2373 2206 2567 2283 (vobis
2606 2208 2783 2266 enim

565 2321 692 2383 prm
717 2301 928 2363 ceteris
957 2299 1270 2375 insultant)
1295 2300 1529 2378 ineptos
1558 2312 1621 2361 et
1647 2300 2009 2372 rudes‚esse,
2032 2318 2164 2372 nec,
2195 2321 2331 2381 qum
2358 2300 2523 2362 utilia
2549 2300 2788 2363 hones·

567 2409 748 2478 teque
775 2400 936 2458 factu
965 2399 1106 2468 sint,
1145 2397 1525 2473 dignoscere.
1606 2401 1670 2456 4.
1714 2396 1923 2476 Itaque
1970 2415 2091 2476 quo
2120 2397 2265 2456 nihil
2292 2407 2389 2458 est
2412 2395 2789 2471 dementius,

567 2490 628 2553 id
657 2512 724 2552 se
751 2492 914 2552 vobis
941 2510 1327 2573 persuasuros
1351 2499 1588 2570 putant,
1608 2501 1677 2550 ut
1691 2511 1767 2550 ex
1796 2492 2057 2570 ipsorum
2086 2492 2285 2572 potius
2306 2493 2569 2568 arbitrio,
2588 2513 2791 2573 quem

571 2587 835 2648 utilitate·
863 2599 1058 2650 vestre
1099 2584 1305 2646 hostes
1347 2597 1527 2666 etque
1574 2587 1796 2647 amicos
1835 2586 2147 2655 habentis3
2190 2587 2383 2647 verbis
2430 2588 2669 2662 confisi,
2714 2591 2793 2649 in

569 2683 782 2762 quibus
827 2683 1016 2742 omnis
1061 2681 1320 2760 ipsorum
1367 2681 1457 2740 vis
1506 2692 1619 2742 est.
1722 2685 1781 2740 5.
1826 2680 1947 2740 Sed
1995 2682 2177 2741 verba
2218 2698 2393 2742 nemo
2420 2699 2606 2744 sanus
2636 2695 2799 2746 ante

568 2779 731 2840 fecte
775 2777 1016 2845 habuit3
1062 2777 1386 2856 proesertim
1429 2777 1490 2835 in
1545 2776 1741 2836 bello:
1786 2777 1885 2837 ubi
1930 2795 2025 2836 res
2062 2795 2241 2836 manu
2272 2777 2513 2856 geritur,
2542 2777 2799 2858 lingum

419 2871 446 2884 ‘
567 2872 930 2954 promtitudo
958 2890 1396 2954 supervacanea
1434 2882 1548 2934 est.
1634 2872 1717 2931 Ut
1743 2872 1857 2931 sibi
1885 2870 2091 2931 diserti
2125 2870 2466 2945 videantur,
2493 2874 2691 2933 virtus
2722 2888 2807 2934 et

568 2965 806 3030 fortuna
847 2967 1128 3048 Philippi,
1173 2967 1356 3028 tantis
1409 2965 1533 3027 suis
1584 2967 1997 3046 sociorumque
2044 2965 2267 3027 viribus
2312 2967 2590 3038 subnixu,
2644 2971 2809 3047 plus

567 3065 806 3142 poterit.
903 3063 962 3122 6.
1006 3062 1136 3121 Nec
1163 3064 1320 3121 enim
1349 3061 1523 3121 facile
1554 3061 1819 3133 dixerim,
1866 3061 2137 3122 stolidior
2161 3081 2237 3120 sn
2265 3061 2676 3140 impudentior
2710 3067 2815 3125 sit

568 3157 786 3218 eornm‘
819 3154 1181 3232 postulatio?
1262 3156 1622 3215 Intentetum
1666 3145 2133 3220 Atticss‘fulmen
2162 3155 2437 3237 excipite,
2465 3156 2755 3218 Thebani
2786 3181 2809 3218 :

571 3249 736 3310 socio
761 3257 942 3326 etque
969 3248 1165 3309 amico
1189 3249 1314 3328 regi
1343 3247 1563 3308 bellum
1590 3267 1727 3308 cum
1752 3249 1931 3310 exitio
1961 3261 2155 3309 vestro
2202 3251 2399 3324 facite,
2446 3263 2515 3313 ut
2554 3271 2678 3313 nos
2728 3255 2813 3312 in

571 3353 700 3404 tnto
729 3345 952 3403 simus:
996 3352 1224 3404 vestros
1269 3361 1469 3422 agros,
1510 3353 1707 3402 vestra.
1747 3362 1995 3422 corpora
2022 3343 2281 3422 objicite,
2318 3365 2395 3406 ne
2422 3347 2810 3425 injuriarum

570 3458 808 3502 suerum
825 3437 1145 3498 vindictam
1164 3439 1238 3498 ab
1260 3437 1725 3498 Atheniensibus
1744 3436 2056 3518 Philippus
2074 3440 2295 3518 exiget.
2352 3443 2412 3500 7.
2442 3448 2459 3476 ⁸
2483 3441 2819 3502 Haeccine

569 3545 712 3597 sunt
745 3533 1050 3613 postulata
1091 3533 1416 3605 hominnm,
1461 3533 1563 3612 qui
1614 3544 1720 3594 aut
1764 3533 1879 3613 ipsi
1926 3551 2075 3594 sano
2115 3534 2343 3612 judicio
2372 3544 2649 3606 utentur,
2684 3553 2823 3598 aut

569 3631 719 3696 elios
763 3631 850 3689 uti
893 3627 1187 3688 credant?
1266 3628 1382 3697 Qui
1432 3626 1611 3688 modo
1652 3627 1881 3688 nullam
1906 3630 2211 3707 premendi
2256 3649 2362 3690 vos
2390 3631 2823 3693 occasionem

567 3725 1102 3808 proeterrnisernnu
1165 3722 1268 3802 qui
1325 3741 1431 3782 vos
1488 3723 1887 3808 contumeliis,
1943 3723 2190 3803 injuriis,
2244 3725 2422 3784 ermis
2478 3737 2823 3805 quantum

567 3829 886 3898 potuerunt
909 3818 1224 3896 persecuti,
1245 3829 1475 3878 vestras
1501 3818 1707 3879 clades
1738 3828 1916 3896 atque
1946 3821 2210 3899 pericula
2231 3819 2579 3881 felicitatem
2602 3842 2821 3884 sunm

571 3913 683 3973 rati
711 3925 884 3973 sunt:
928 3915 966 3972 ii
1016 3933 1176 3973 nunc
1217 3933 1254 3972 a
1291 3915 1455 3972 vobis
1502 3923 1702 3992 petere
1752 3914 1998 3988 audent,
2040 3927 2109 3974 ut
2156 3934 2293 3975 cum
2340 3915 2485 3994 ipsis
2536 3919 2827 3992 malitis,

573 4027 750 4092 qnam
776 4027 912 4070 curn
942 4008 1218 4088 Philippo
1249 4007 1505 4069 vincere.
1610 4011 1668 4069 8.
1712 4011 1793 4068 At
1835 4009 1947 4070 iste
1989 4009 2207 4094 hospes
2238 4021 2300 4070 et
2328 4010 2620 4072 alumnus
2654 4033 2827 4082 ves-

1167 4169 1186 4204 !
1219 4161 1360 4214 plut.
1384 4163 1419 4212 1.
1446 4164 1480 4213 l.
1774 4170 1797 4194 ¹
1828 4163 1985 4214 Diod.
2008 4163 2040 4214 Ι.
2069 4165 2105 4214 1.
