2858 4782
651 397 908 448 surm..
956 397 1034 447 m
1085 401 1154 459 Q.
1199 397 1549 448 cunnum
1604 400 1748 450 ms.
1794 402 1846 448 ι.
2216 384 2347 453 105

161 537 690 610 mercedem‚'cum
740 538 1020 618 praesenti
1071 537 1362 611 libertate,
1408 539 1627 600 famam
1674 540 1836 618 apud
1874 549 2145 619 posteros
2188 541 2343 602 tulit.
2404 604 2412 610 ,

163 635 320 694 Inter
343 634 632 705 Thracas,
659 633 760 713 qui
788 633 1128 694 Alexandro
1175 633 1527 708 militabant,
1556 635 1799 714 quidam
1832 634 2093 714 equitum
2135 635 2350 697 ductor

161 738 294 808 post
315 729 440 788 vim
465 728 694 788 mulieri
721 726 967 800 illatam,
1010 733 1028 763 ‘
1057 728 1159 790 ubi
1206 729 1631 810 pretiosissima
1657 749 1909 810 quoeque
1949 729 2349 806 occuluisset‚’

163 824 605 884 minitabundus
633 825 1052 904 interrogabat.
1133 825 1235 886 29.
1279 825 1394 886 Illa
1434 845 1555 886 non
1594 836 1714 886 tam
1743 845 1921 907 opum
1948 847 2126 905 quam
2156 827 2349 905 pudo-

161 919 232 979 ris
259 919 484 980 damno
511 929 749 991 moesta,
791 921 1096 982 avaritiam
1130 921 1365 982 barbari
1393 922 1457 981 iu
1498 923 1870 983 occasionem
1897 923 2175 983 vindictae
2202 942 2349 984 con-

161 1016 363 1075 vertit:
408 1026 768 1095 ostensoque
793 1026 994 1094 puteo,
1020 1017 1081 1075 in
1105 1034 1281 1097 quem
1309 1017 1596 1078 mundum
1624 1037 1795 1078 suum
1822 1017 2146 1096 conjecisse
2174 1019 2353 1078 simu-

160 1109 336 1181 labat,
357 1110 654 1170 bominem
683 1110 901 1189 cupide
929 1130 1002 1170 eo
1025 1110 1449 1190 despicientem
1477 1113 1779 1174 subductis
1806 1113 2058 1194 pedibus
2084 1113 2348 1193 impulit:
2376 1103 2383 1110 ’

161 1205 564 1284 conjectisque
597 1206 854 1287 desuper
913 1206 1094 1280 saxis,
1143 1227 1280 1296 cum
1301 1227 1402 1267 ·ex
1451 1221 1707 1288 angusto
1747 1208 2163 1290 profundoque
2210 1211 2346 1271 loco

161 1317 474 1361 ascensum
502 1301 721 1363 frustra
743 1301 1068 1374 moliretur,
1087 1304 1301 1364 obruit.
1345 1307 1446 1364 30.
1473 1304 1916 1383 Comprehensa.
1940 1325 1977 1365 a
2006 1306 2349 1366 turmalibus

161 1396 360 1470 occisi,
391 1396 470 1456 ad
496 1397 902 1458 Alexandrum
951 1395 1222 1469 trahitur,
1252 1407 1321 1456 ut
1367 1398 1661 1458 interfecti
1706 1399 1874 1459 ducis
1911 1419 2117 1480 poenas
2160 1399 2353 1461 dareta

160 1494 256 1552 31.
297 1491 392 1550 Ibi
421 1491 821 1570 interrogante
847 1509 1009 1570 rege,
1056 1497 1076 1526 ⁸
1102 1509 1380 1570 quaenam
1419 1498 1615 1565 esset,
1641 1503 1700 1552 et
1748 1496 1825 1553 ob
1868 1495 2027 1573 quod
2070 1495 2351 1555 delictum

159 1583 610 1655 adduceretur?
634 1584 930 1667 intrepido
959 1587 1126 1646 vultu
1153 1597 1214 1646 et
1237 1605 1406 1658 voce,
1439 1595 1459 1624 ⁸
1476 1587 1861 1666 .'I'heagenis,’
1886 1589 2096 1667 inquit,
2139 1599 2155 1624 ⁸
2186 1607 2352 1650 soror

161 1701 324 1742 sum:
365 1683 520 1762 ejus,
548 1683 648 1762 qui
676 1701 782 1764 pro
809 1683 1082 1744 libertate
1111 1681 1363 1743 Graecioe
1391 1683 1804 1743 Thebanorum
1832 1683 2146 1762 imperator
2172 1703 2353 1745 occu-

155 1777 304 1838 buit.
373 1781 474 1838 32.
507 1779 786 1858 injuriam
812 1797 1005 1838 meam
1031 1779 1162 1839 ulta
1185 1779 1479 1840 castitatis
1508 1797 1656 1839 meoe
1682 1779 2023 1858 proedonem
2052 1779 2351 1840 interemit'

159 1873 251 1932 cui
299 1875 348 1936 si
395 1893 532 1936 meo
577 1873 868 1954 supplicio
892 1877 1190 1954 parentari
1220 1876 1455 1954 jubeas,
1486 1875 1639 1936 scies
1668 1875 1935 1936 honestae
1962 1876 2191 1936 mulieri
2216 1885 2353 1956 post

159 1978 450 2030 extortam
475 1967 818 2048 pudicitiam
851 1969 1057 2048 spiritu
1085 1968 1232 2029 nihil
1261 1970 1434 2031 vilius
1462 1987 1629 2031 esse:
1673 1989 1852 2050 quem
1890 1981 2210 2049 utcumque
2250 1977 2357 2030 ex-'

157 2063 378 2142 pellere
435 2065 825 2136 festinaveris,
881 2071 1013 2125 se'ro
1075 2064 1310 2138 moriar,
1366 2065 1579 2145 pudori
1633 2065 1959 2146 patriaeque
2014 2065 2355 2146 superstes.’

161 2159 253 2219 ³3.
295 2141 644 2220 Alexander
661 2161 902 2239 cognita
927 2179 1132 2232 causa,
1172 2167 1191 2196 ⁸
1221 2159 1507 2222 Thracem
1541 2163 1675 2241 jure
1713 2162 1962 2222 caesum’
2004 2161 2353 2240 pronuntia-

161 2257 274 2324 vit:
321 2263 340 2290 ⁶
369 2275 566 2334 neque
596 2256 706 2315 sibi
751 2255 988 2335 placere
1015 2257 1290 2335 ingenuis
1320 2257 1659 2316 mulieribus
1688 2257 2013 2316 vimfieri?
2050 2255 2355 2317 collauda-

161 2361 401 2431 tsmque
443 2357 460 2386 ⁸
489 2351 810 2425 soeminam,
845 2370 984 2413 cnm
1022 2353 1296 2413 omnibus
1339 2353 1441 2432 qui
1484 2352 1839 2432 cognatione
1876 2351 2067 2431 ipsam
2097 2352 2354 2431 attinge-

161 2458 312 2519 rent,
339 2447 586 2507 liberam
615 2466 750 2507 esse
770 2447 786 2471 ⁹
816 2446 1033 2525 ,iussin
1076 2455 1096 2483 ⁴
1120 2457 1182 2508 et
1206 2466 1328 2527 quo
1352 2447 1607 2527 quisque
1636 2446 1819 2507 vellet
1846 2444 2191 2507 discedendi
2208 2448 2223 2474 ⁹
2250 2465 2357 2527 po-

161 2553 438 2603 testatem
463 2542 626 2604 fecit.
675 2546 774 2603 34.
808 2540 1082 2621 Pepercit
1107 2553 1169 2602 et
1196 2541 1440 2603 Pindari
1466 2542 1761 2622 posteris,t
1794 2542 1855 2600 in
1871 2542 2156 2602 honorem
2181 2544 2353 2616 vatis,

160 2639 258 2718 qui
279 2656 566 2719 proavum
591 2640 750 2717 regis
769 2638 1170 2698 Alexandrum
1204 2638 1562 2699 carminibus
1594 2640 1717 2699 suis
1745 2638 2107 2702 inseruerat:
2140 2638 2355 2719 ipsius*

161 2752 276 2812 que
323 2735 568 2794 domum
614 2734 860 2796 cremari
901 2735 1107 2794 vetuit.
1193 2738 1291 2795 35.
1333 2734 1474 2795 Non
1523 2734 1679 2794 enim
1724 2743 2077 2813 praesentem
2126 2743 2357 2793 tantum

159 2832 440 2891 virtutem
483 2830 818 2897 adamavitz
861 2846 1064 2890 verum
1107 2830 1284 2890 etiam
1333 2828 1673 2889 memoriam
1710 2834 2059 2906 magnorum
2102 2828 2359 2887 virorum'

160 2926 510 2997 reverentia,
559 2934 622 2987 et
666 2924 1011 3005 progeniem
1061 2923 1292 2985 illorum
1339 2922 1640 2983 beneficiis
1683 2930 2033 3001 prosecutus
2061 2930 2173 3007 est.
2258 2924 2357 2983 36.

163 3022 318 3083 Nam
346 3032 412 3081 et
435 3031 648 3103 postea
665 3028 809 3081 'cum
835 3032 1134 3100 postremo
1159 3019 1364 3100 proelio
1394 3017 1639 3078 Darium
1670 3016 1928 3090 vicisset,
1954 3015 2317 3077 Crotoniatis
2332 3032 2359 3059 ¹

161 3118 384 3195 proedoe
411 3129 638 3196 partem
663 3116 844 3188 misit,
874 3116 1034 3195 quod
1061 3114 1276 3175 Xerxis
1301 3113 1481 3186 bello,
1503 3112 1715 3174 ceteris
1740 3112 2085 3173 Graecorum
2110 3110 2358 3174 coloniis

163 3213 238 3274 de
267 3214 513 3273 Graecia
539 3212 1012 3293 desperantibus,
1040 3209 1334 3291 Phayllo'
1369 3210 1523 3270 duce
1553 3210 1844 3269 triremem
1870 3227 2050 3267 unam
2080 3206 2156 3267 ad
2186 3208 2357 3269 Sala·

159 3308 382 3369 minem
427 3308 764 3369 misissent:
805 3317 868 3369 et
915 3306 1280 3367 Plataeenses
1322 3306 1548 3366 honore
1595 3304 1887 3383 donisque
1930 3300 2178 3374 affecit?
2221 3306 2360 3384 quia

161 3404 420 3483 majores
463 3422 666 3465 eorum
693 3402 922 3463 Graecis
967 3402 1254 3464 adversus
1280 3400 1661 3463 Mardonium
1700 3398 2105 3479 praeliantibus
2150 3418 2358 3477 agrum

163 3518 336 3559 suum
361 3498 528 3559 dono
557 3496 867 3559 dederant.

241 3596 414 3655 xw.
507 3596 558 3654 1.
603 3594 776 3655 Hanc
803 3592 1216 3653 Thebanorum
1253 3591 1489 3653 cladem
1522 3589 1711 3651 multa
1758 3600 1995 3650 ostenta
2034 3606 2359 3668 praecesse-

163 3694 350 3753 runt?
429 3690 644 3750 Tribus
673 3698 814 3749 ante
839 3689 1140 3748 mensibus
1167 3706 1346 3767 quam
1373 3684 1717 3747 Alexander
1742 3682 2099 3755 advenisset,
2128 3684 2190 3742 in
2214 3682 2361 3742 fano

165 3788 428 3858 Cereris,
471 3804 610 3867 quse
649 3792 668 3821 ⁸
695 3784 1171 3865 Thesmophoros
1191 3784 1208 3810 ⁹
1245 3781 1599 3865 appellatur,
1642 3788 1966 3861 conspecta
1998 3790 2093 3841 est
2126 3798 2361 3843 aranem

163 3981 278 4031 lier.
293 3984 346 4031 4.
364 3984 418 4031 ο.
441 3978 652 4030 Arrian-
671 3992 710 4031 1.
733 3983 784 4029 9.
802 3976 1040 4043 Polyoen.
1064 3977 1226 4029 Sti-at.
1371 3985 1394 4011 '¹
1427 3975 1572 4026 Plut.
1592 3972 1742 4024 Alex.
1764 3986 1820 4037 p.
1839 3976 1957 4022 ool.

165 4072 290 4110 vrri.
310 4060 396 4108 39.
1371 4058 1396 4085 v
1429 4048 1690 4100 Herodot.
1704 4060 1832 4098 vm.
1851 4050 1903 4100 4.
1922 4052 1971 4097 7.

225 4136 244 4167 ⁸
275 4132 492 4183 Atrian.
529 4130 569 4181 l.
613 4131 652 4183 1.
695 4128 882 4182 AElian.
921 4130 1050 4181 var.
1085 4126 1228 4181 Hm.
1369 4134 1397 4163 ³
1431 4126 1575 4176 Plut.
1598 4122 1816 4174 Aristid.
1850 4138 1902 4187 p.
1920 4127 2037 4174 826.

167 4222 302 4263 1111.
323 4213 376 4261 ’1.
1368 4208 1394 4236 ⁸
1429 4200 1591 4254 Diod.
1610 4200 1715 4251 Sic·
1730 4215 1785 4265 p.
1803 4202 1919 4251 ⁵⁶⁷.
1944 4200 2170 4252 Pausan.
2186 4212 2269 4249 rx.
