2858 4782
505 343 596 410 48
686 361 1240 410 ruenneoMnNA
1292 362 1376 411 m
1423 360 1779 423 Qumwu
1831 359 2183 411 cunnum
2234 362 2531 412 numm.

509 503 693 569 Curt.
727 521 840 569 m.
873 509 934 570 5.
957 505 1058 570 12.
1101 505 1473 572 ‘fortunam
1494 508 1563 570 in
1592 505 1884 574 consilio
1904 505 2185 571 habuit!

509 607 660 672 Liv.
693 621 977 671 xxxvl.
1005 605 1070 670 8.
1115 610 1138 643 ‘
1155 606 1489 672 fortunam
1517 616 1699 671 esset
1724 607 1793 670 iu
1824 607 2113 672 consilio
2142 605 2533 673 habiturus:

507 707 694 773 Curt.
729 723 844 771 ιιι.
874 709 981 771 10.
1009 707 1076 773 9.
1123 710 1146 744 ‘
1167 708 1387 772 aciem
1434 708 1729 772 hostium
1768 707 2073 792 praedam
2123 727 2261 772 non
2321 729 2513 774 arma
2566 730 2740 793 ges-

677 807 974 873 tantem!

506 911 656 976 Ην.
686 925 796 974 lx.
823 911 934 975 40.
979 913 1002 944 ‘
1023 909 1282 993 quippe
1309 909 1433 974 illa
1458 910 1761 993 praedam
1790 909 2040 988 verius,
2068 929 2269 992 quam
2294 930 2482 976 arma
2506 931 2683 977 esse
2694 913 2739 978 .’

503 1010 690 1076 Curt.
723 1027 825 1074 ιν.
857 1009 963 1074 16.
991 1009 1103 1074 33.
1147 1021 1166 1047 ‘
1187 1011 1250 1076 si
1275 1029 1431 1074 vere
1460 1012 1799 1076 aestimare
1830 1009 2187 1076 volumus!

501 1111 657 1178 Ην.
687 1129 788 1176 νι.
819 1112 932 1176 11.
973 1116 992 1149 ‘
1017 1112 1078 1174 si
1107 1113 1262 1194 quis
1287 1131 1447 1176 vere
1472 1113 1813 1178 aestimare
1840 1113 2044 1178 velit?

503 1211 690 1280 Curt.
722 1231 794 1277 ν.
817 1213 880 1278 1.
909 1213 976 1278 8.
1019 1217 1040 1248 ‘
1065 1213 1291 1278 omnia
1317 1214 1518 1296 sequi
1545 1212 1885 1278 armatos-³

502 1315 656 1380 Ην.
685 1330 796 1380 11.
825 1315 935 1378 40.
979 1322 1000 1351 ‘
1019 1315 1244 1379 omnia
1271 1313 1392 1379 illa
1420 1315 1772 1380 victoriam
1798 1313 2032 1399 sequi!

505 1417 690 1482 Gurt.
716 1432 784 1477 ν.
829 1414 894 1480 1.
938 1413 1048 1479 11.
1081 1419 1102 1448 ‘
1125 1414 1410 1494 morbis,
1436 1435 1607 1500 quos
1638 1415 1803 1506 oder
1834 1415 2235 1480 cadaverum
2264 1417 2741 1499 vulgaverat!

501 1517 655 1583 Ην.
688 1531 882 1581 xxv.
907 1514 1016 1582 26.
1061 1520 1450 1582 ‘eontactus
1480 1535 1803 1600 aegrorum
1835 1515 2157 1599 vulgabat
2184 1516 2501 1583 morbos?

499 1619 692 1685 Curt.
725 1635 798 1682 ν.
819 1618 887 1683 3.
913 1617 982 1681 2.
1025 1617 1314 1683 ‘fluvius
1337 1617 1489 1702 jam
1517 1620 1784 1684 navium
1810 1619 2119 1702 patiens?

497 1723 652 1788 Ην.
675 1737 850 1788 xxx.
877 1721 984 1786 32.
1029 1725 1051 1754 ‘
1069 1722 1288 1785 amnis
1315 1740 1445 1785 non
1479 1729 1700 1786 tamen
1728 1720 1997 1786 navium
2026 1722 2293 1806 patiens
2334 1719 2489 1784 est!

425 1859 430 1862 ·
501 1823 690 1888 Curt.
717 1839 789 1886 ν.
816 1824 883 1889 3.
913 1823 1019 1887 19.
1063 1827 1085 1858 ‘
1101 1821 1396 1886 ferarum
1424 1821 1557 1885 ritu
1587 1821 2043 1889 caederentur?

499 1926 656 1990 Ην.
687 1941 759 1988 ν.
787 1924 896 1988 44.
937 1928 962 1957 ‘
983 1923 1266 1986 ferarum
1294 1923 1433 1985 ritu
1464 1922 1893 1986 sternuntur)

498 2025 694 2091 Curt.
727 2039 797 2087 ν.
825 2025 891 2088 8.
919 2023 985 2088 3.
1032 2028 1053 2057 ‘
1070 2023 1204 2089 fide
1229 2024 1316 2088 ad
1337 2023 1647 2087 ultimum
1676 2023 1967 2092 invicta?

494 2125 646 2192 Ην.
681 2143 750 2191 ν.
779 2126 886 2191 19.
913 2125 1028 2189 fin.
1073 2127 1167 2190 ‘si
1195 2124 1398 2190 fidem
1431 2124 1519 2189 ad
1546 2125 1851 2190 ultimum
1879 2125 2400 2208 praestitissent?

499 2228 684 2294 Cart.
721 2247 785 2294 ν.
811 2227 880 2293 6.
910 2230 1017 2294 14.
1065 2231 1086 2261 ‘
1111 2226 1272 2291 Rex
1301 2228 1643 2310 castigare
1674 2228 1935 2292 territos
1966 2225 2391 2310 supersedit?

497 2329 646 2398 Ην.
675 2347 776 2395 vt.
803 2331 874 2397 7.
939 2337 958 2364 ‘
977 2329 1224 2395 frustra
1273 2337 1529 2396 certam
1580 2327 1993 2414 supersedit!
2036 2327 2213 2394 cons.
2262 2333 2351 2393 et.
2407 2341 2641 2396 xxx!
2660 2349 2737 2397 v.

497 2533 682 2600 Curt.
699 2550 800 2599 νι.
825 2535 934 2598 10.
961 2532 1072 2597 35.
1121 2536 1142 2567 ‘
1165 2534 1483 2616 repulsus
1512 2530 1973 2597 sum—irrisui
2004 2531 2279 2595 sumus?

497 2635 652 2701 Ην.
687 2650 787 2699 ιν.
817 2636 925 2701 35.
969 2640 991 2670 ‘
1010 2635 1322 2717 repulsos
1351 2636 1516 2699 risui
1542 2632 1800 2699 fuisse?

497 2738 681 2804 Gurt.
713 2753 848 2803 vn.
875 2740 942 2802 7.
970 2735 1078 2801 36.
1125 2739 1148 2770 ‘
1169 2756 1420 2819 corpus
1451 2756 1539 2801 ex
1566 2756 1739 2820 equo
1768 2736 2051 2801 defluxit
2078 2736 2147 2799 in
2170 2736 2453 2800 terram?

493 2840 642 2907 Ην.
672 2854 755 2904 11.
781 2840 890 2903 20.
935 2849 950 2875 ‘
971 2858 1150 2921 equo
1177 2838 1616 2904 moribundus
1648 2838 1733 2901 ad
1762 2846 2006 2917 terram
2038 2836 2361 2901 defluxit?

491 2942 682 3007 Curt.
713 2956 882 3005 vlu.
910 2940 977 3004 9.
1001 2940 1109 3005 37.
1156 2938 1370 3003 ‘haud
1399 2958 1563 3003 saue
1593 2956 1821 3021 operae
1842 2938 2240 3003 videbatur!

493 3040 647 3103 Ην.
679 3054 749 3100 ν.
781 3040 886 3103 16.
933 3044 955 3073 ‘
980 3040 1041 3103 si
1067 3056 1292 3121 operae
1319 3040 1421 3103 illi
1440 3037 1661 3105 esset?
1690 3039 1868 3105 conf.
1894 3047 1988 3103 et.
2022 3058 2071 3103 1.
2092 3040 2201 3103 24.

493 3138 680 3205 Gurt-
713 3154 882 3203 vul.
914 3138 1020 3201 14.
1052 3137 1158 3201 16.
1204 3142 1497 3219 ‘anceps
1528 3158 1739 3218 genus
1769 3140 2007 3203 auxilii
2032 3138 2183 3205 est?

494 3241 647 3305 Ην.
679 3254 1001 3304 xxxvu.
1029 3239 1140 3303 41.
1187 3241 1210 3272 ‘
1225 3254 1428 3320 quam
1450 3236 1709 3321 ‘anceps
1734 3247 1919 3304 esset
1942 3241 2185 3305 auxilii
2216 3240 2478 3323 genus?

491 3340 674 3407 Curt.
694 3356 857 3404 vm.
887 3341 998 3405 14.
1023 3340 1134 3405 37.
1179 3339 1349 3404 ‘hoc
1375 3340 1607 3403 ultimo
1636 3340 1906 3405 virtutis
1935 3359 2136 3423 opere
2162 3340 2385 3406 edito:

491 3442 640 3507 Ην.
673 3458 874 3507 xxx,
901 3443 1011 3507 35.
1056 3447 1078 3478 ‘
1094 3442 1226 3506 hoe
1253 3442 1439 3505 edito
1464 3442 1649 3507 velut
1676 3442 1916 3507 ultimo
1943 3437 2201 3508 v'irtutis
2224 3443 2467 3526 opere?

490 3545 680 3611 Curt.
715 3560 826 3609 lx.
853 3544 917 3609 5.
950 3544 1062 3611 30.
1111 3540 1357 3625 ‘regia’
1399 3562 1527 3625 pro
1558 3545 1876 3608 ‘tentorio
1896 3543 2115 3627 regis}
2164 3546 2348 3627 quod
2382 3542 2732 3619 Clericus

663 3644 889 3732 ἅκῦροις
917 3651 1328 3722 annumerat,
1361 3651 1431 3709 et
1457 3664 1609 3729 quae
1633 3666 1790 3723 vox,
1822 3648 2057 3730 iuquit,
2088 3666 2125 3709 a
2157 3647 2416 3710 nemine
2436 3646 2730 3718 Latine

659 3748 903 3813 dicitur
931 3746 1016 3811 de
1043 3748 1346 3811 tentorio.
1394 3820 1404 3827 ‚

488 3849 638 3915 Ην.
671 3865 752 3911 11.
782 3849 890 3913 12.
933 3846 1212 3912 ‘ferrum
1253 3847 1653 3931 hostemque
1694 3846 1763 3911 in
1791 3847 2125 3914 vestibulo
2151 3848 2407 3914 habeas
2427 3846 2727 3933 ‘regiael

491 3948 676 4013 Gurt.
701 3964 814 4011 lx.
835 3950 900 4015 6.
927 3949 1036 4014 21.
1081 3958 1102 3985 ‘
1119 3952 1447 4014 momento
1467 3949 1673 4013 unius
1694 3949 1917 4015 horae!

491 4049 642 4115 Liv.
677 4066 742 4113 v.
769 4049 836 4113 ¹7.
882 4054 902 4085 ⁶
922 4049 1238 4133 horaeque
1265 4048 1645 4117 momento?
