2858 4782
527 316 658 384 1⁴4
1308 334 1368 382 s.
1419 331 1929 384 sasnusnnun

509 467 686 555 hujus
715 471 1059 548 Alexandri,
1082 473 1237 536 inter
1261 483 1528 555 paternse
1555 479 1715 538 necis
1760 476 2036 538 conscios
2064 475 2352 558 'supplicio
2390 477 2718 540 affecisset.

512 571 576 630 9.
621 571 698 630 Et
724 588 1064 650 quanquam
1083 571 1217 649 ipse
1253 591 1433 651 poena
1474 582 1763 644 exemtus,
1788 573 2107 652 multisque
2150 583 2361 654 postea
2387 574 2717 634 honoribus

515 677 780 739 ornatus,
805 683 926 724 non
951 665 1202 745 simplex
1227 667 1577 728 beneficium
1604 669 1731 747 reg-i
1758 667 2022 738 deberet,
2066 669 2247 727 insita
2271 667 2469 728 animo
2492 669 2719 736 ferocia

513 771 576 821 et
601 759 944 820 dominandi
989 760 1270 841 cupidine
1305 761 1454 820 nihil
1492 764 1659 822 nefas
1708 763 1975 842 putabat,
2004 781 2111 842 per
2156 762 2317 843 quod
2348 763 2427 823 ad
2464 783 2719 845 regnum

515 857 610 916 via
639 866 1012 916 sterneretur.
1099 857 1194 916 10.
1237 855 1328 915 Re
1350 856 1412 915 in
1434 857 1746 918 consilium
1764 857 2071 932 deducta:
2098 865 2115 893 ‘
2146 857 2491 920 facilitatem
2514 864 2683 940 regis
2702 860 2719 886 '

515 951 846 1031 arguebant
891 950 1086 1022 amici,
1109 957 1128 984 ‘
1156 949 1318 1030 quod
1365 950 1662 1012 bominem
1704 952 1765 1011 in
1810 953 2126 1013 manifesto
2164 953 2459 1016 maleficio
2505 955 2721 1035 depre-

513 1046 764 1106 hensum
792 1065 913 1108 non
946 1045 1128 1108 modo
1167 1045 1376 1125 punire
1401 1067 1523 1107 non
1554 1048 1957 1122 sustinuisset,
1998 1067 2199 1108 verum
2232 1048 2412 1109 etiam
2456 1053 2721 1130 pramiis

513 1154 578 1204 et
601 1141 925 1204 honoribus
957 1151 1196 1203 auctum
1225 1143 1465 1221 optimus
1485 1145 1785 1222 equitatus
1820 1143 1971 1222 parti
1998 1144 2442 1223 praeposuisset.
2528 1146 2725 1214 Quem

516 1237 797 1316 deinceps
826 1239 882 1297 ei
910 1237 1092 1298 fidum
1139 1237 1420 1310 futurum,
1450 1238 1497 1297 si
1542 1247 1755 1317 proeter
1794 1239 2207 1318 impunitatem
2254 1241 2496 1320 propior
2520 1241 2728 1301 amici·

513 1333 616 1392 tiae
661 1331 904 1412 gradus,
932 1331 1200 1392 maximae
1246 1331 1592 1410 dignitates,
1618 1325 1959 1394 honor-ilic&
2004 1333 2395 1413 praefecturae,
2424 1335 2731 1414 parricidii

516 1445 741 1488 merces
799 1425 1042 1488 essent?
1129 1429 1222 1488 11.
1283 1428 1473 1506 Igitur
1525 1437 1754 1489 mature
1808 1428 2267 1502 emendandum,
2320 1429 2489 1509 quod
2544 1431 2733 1492 nimia

517 1522 761 1586 lenitate
815 1537 1126 1605 peccatum
1181 1527 1380 1585 esset:
1451 1525 1797 1605 priusquam
1846 1525 1970 1600 ille,
2026 1515 2341 1588 consilium
2406 1546 2729 1590 emanasse

515 1621 800 1694 sentiens,
827 1619 1246 1681 Thessalorum
1273 1619 1522 1681 mobiles
1553 1621 1783 1682 animos
1819 1621 1897 1682 ad
1926 1641 2023 1683 res
2051 1622 2361 1683 novandas
2390 1622 2729 1686 induceret.

517 1716 656 1777 Non
711 1716 1208 1782 contemnendum
1261 1736 1396 1778 esse
1451 1717 1797 1796 periculum,
1844 1737 1965 1798 quo
2019 1718 2209 1798 majus
2269 1737 2347 1778 ne
2397 1719 2729 1799 excogitari

517 1811 758 1891 quidem
788 1813 1014 1889 possit:
1057 1830 1252 1891 neque
1297 1811 1635 1892 spernenda
1661 1812 1925 1874 Deorum
1972 1823 2235 1886 ostenta,
2262 1813 2365 1894 qui
2414 1833 2625 1894 reg-em
2652 1815 2729 1874 de

517 1906 799 1968 cavendis
827 1905 1060 1967 insidiis
1101 1907 1406 1969 evidenter
1450 1909 1863 1970 monuissent.’
1950 1911 2045 1971 12.
2092 1909 2299 1990 Nuper
2332 1903 2540 1982 enim}
2581 1910 2731 1970 dum

519 2001 1006 2062 Halicarnassum
1035 2001 1338 2076 obsidens,
1366 2013 1508 2082 post
1532 2003 1745 2083 long-os
1787 2023 2157 2084 mag-nosque
2182 2003 2419 2066 labores
2446 2005 2729 2065 meridia-

516 2097 676 2158 tione
702 2096 982 2170 reficitur,
1009 2096 1284 2170 hirundo,
1320 2108 1467 2160 nota
1492 2098 1775 2180 auspiciis
1820 2100 2001 2173 avis,⁸’
2046 2118 2266 2178 magno
2295 2118 2433 2161 cum
2478 2102 2730 2179 garritu,

521 2191 740 2253 circum
779 2203 964 2272 caput
1005 2194 1366 2271 quiescentis
1393 2195 1765 2268 volitaverat,
1790 2206 1853 2256 et
1879 2195 2059 2256 modo
2086 2197 2145 2254 in
2194 2195 2332 2266 boc,
2362 2194 2549 2255 modo
2580 2195 2727 2256 illud

515 2286 722 2348 lectuli
763 2286 920 2348 latus
969 2307 1036 2348 se
1083 2287 1420 2362 demiserat,
1459 2289 1945 2351 turbulentiorem
1995 2288 2171 2350 solito
2196 2301 2439 2350 cantum
2490 2309 2726 2350 exorsa.

524 2384 620 2444 13.
661 2383 744 2447 Et
767 2404 870 2445 rex
909 2383 1152 2463 quidem
1195 2384 1525 2465 defatigato
1566 2404 1813 2466 corpore
1841 2404 1961 2447 non
1988 2384 2228 2465 penitus
2273 2385 2543 2448 excussit
2568 2406 2729 2447 som-

519 2498 682 2553 num,
709 2479 816 2540 sed
845 2490 1043 2541 tamen
1072 2499 1238 2541 avem
1288 2481 1572 2541 continuo
1598 2480 1852 2562 strepitu
1888 2481 2202 2543 molestam
2230 2482 2519 2553 sentiens,
2546 2501 2728 2541 manu

519 2574 709 2634 obiter
735 2573 970 2655 repulit.
1054 2574 1166 2635 Illa
1189 2574 1343 2634 adeo
1381 2593 1503 2634 non
1530 2578 1809 2637 exterrita
1856 2586 1971 2650 est,
1998 2587 2067 2635 ut
2092 2575 2271 2637 etiam
2298 2577 2357 2635 in
2406 2576 2601 2655 ipsius
2626 2596 2727 2637 ea-

517 2669 638 2749 pite
659 2668 1027 2740 consederit,
1055 2688 1248 2749 neque
1275 2670 1439 2749 prius
1466 2680 1727 2750 strepere
1756 2672 2019 2743 desierit,
2046 2690 2227 2749 quam
2264 2672 2341 2732 ab
2380 2684 2729 2750 experrecto

519 2764 758 2827 demum
787 2768 998 2827 abacta
1017 2777 1130 2827 est.
1220 2768 1314 2826 14.
1355 2765 1547 2845 quue
1572 2766 1663 2826 sic
1690 2766 2109 2845 interpretatus
2130 2766 2325 2826 fuerat
2353 2765 2726 2846 Aristander,

519 2870 584 2921 ut
629 2861 886 2921 ‘instare
926 2861 1252 2941 periculum
1273 2860 1290 2886 '
1331 2860 1555 2923 diceret
1592 2868 1611 2895 ‘
1630 2863 1705 2922 ab
1754 2863 1945 2922 amico
1988 2860 2182 2941 regin
2226 2861 2334 2921 sed
2384 2862 2641 2924 insidias
2668 2866 2727 2923 in

519 2956 769 3017 occulto·
785 2974 904 3016 non
933 2974 1287 3021 mansuras:
1327 2956 1445 3018 hoc
1482 2957 1640 3018 enim
1666 2975 1906 3017 monere
1938 2968 2211 3016 naturam
2254 2956 2405 3029 avis,
2435 2974 2575 3034 qum
2607 2976 2727 3036 pree

519 3051 731 3111 ceteris
760 3050 982 3109 homini
1017 3051 1343 3124 familiaris,
1369 3051 1701 3131 eademque
1746 3070 1927 3132 supra
1970 3050 2212 3111 modum
2256 3050 2497 3131 garrula
2522 3046 2729 3113 esset.'

527 3146 622 3203 15.
668 3144 778 3202 His
826 3144 1025 3222 itaque
1073 3144 1385 3222 diligenter
1429 3146 1726 3224 expensis,
1774 3164 1913 3206 cum
1956 3144 2243 3209 indicium
2286 3145 2539 3207 Asisinis
2592 3168 2727 3209 cum

516 3240 672 3297 vatis
690 3256 986 3316 responso
1013 3240 1326 3299 convenire
1363 3252 1651 3313 cerneret,
1684 3240 2165 3321 meminissetque
2196 3262 2263 3304 se
2306 3242 2513 3303 matris
2542 3243 2726 3305 literis

517 3333 692 3395 anxie
733 3332 1044 3406 monitum,
1093 3340 1112 3369 ⁶
1141 3345 1208 3393 ut
1255 3336 1328 3393 ab
1374 3336 1492 3395 hoe
1542 3335 1784 3397 homine
1838 3336 1951 3397 sibi
2004 3337 2322 3410 caveret,’¹¹
2365 3337 2521 3399 nihil
2569 3339 2729 3399 ultra

519 3428 910 3491 differendum
952 3440 1137 3503 ratus,
1177 3429 1324 3508 quid
1371 3430 1495 3492 fleri
1542 3430 1720 3491 vellet
1764 3431 2141 3495 Parmenioni
2191 3431 2520 3512 significat:
2566 3452 2725 3505 nam,

516 3534 586 3584 ut
621 3523 900 3597 diximus,
941 3542 1078 3583 eum
1125 3524 1258 3604 ipso
1301 3524 1360 3583 in
1401 3524 1723 3606 Phrygiam
1774 3527 1961 3586 iverat
2002 3526 2327 3605 Lyncestes
2364 3528 2723 3589 Alexander.

528 3623 621 3681 16.
665 3619 788 3679 Sed
816 3638 892 3679 ne
920 3638 1040 3699 quo
1069 3637 1216 3679 casu
1255 3619 1571 3681 consilium
1618 3620 1775 3700 regis
1820 3640 2029 3700 parum
2060 3621 2120 3683 in
2152 3632 2415 3703 tempore
2444 3622 2725 3701 prodere-

517 3728 636 3789 tur,
681 3715 884 3776 literas
937 3714 1112 3775 scribi
1164 3734 1283 3775 non
1333 3714 1597 3795 placuit:
1656 3714 1765 3774 sed
1813 3734 1919 3793 per
1974 3714 2285 3777 hominem*
2319 3716 2503 3777 fidum
2550 3727 2725 3797 atque

521 3810 874 3871 honoratum
941 3810 1228 3871 mandata
1283 3810 1564 3890 perferri:
1616 3811 1841 3872 electus
1898 3820 1993 3871 est
2042 3812 2443 3891 Amphoterus
2498 3812 2723 3875 Crateri

590 4060 613 4087 ⁸
715 4088 730 4103 .
773 4091 786 4105 .
803 4057 840 4105 1.
1716 4070 1743 4107 t
1776 4058 1963 4109 AElisn.
1990 4056 2135 4110 Hist.
2161 4057 2338 4111 Anim.
2364 4072 2419 4109 x.
2443 4063 2527 4111 st.

797 4130 813 4178 Ι
1730 4134 1758 4169 ¹¹
1790 4134 1947 4185 Diod.
1969 4134 2002 4185 l.
2023 4134 2059 4185 l.
2084 4150 2138 4200 p.
2160 4139 2276 4187 678.
