2858 4782
489 385 578 452 45
993 409 1002 416 ·
1311 398 1871 448 momentu-nnn

488 537 554 607 τὶ
600 537 742 618 ἦθος,
792 536 1321 622 ἀναλαμβάνουσιν,
1368 539 1668 624 ἐλάχιστα
1696 547 1805 604 τῶν
1834 547 2041 603 λοιπῶν
2076 547 2260 628 μερῶν
2292 541 2697 627 Φροντῖζοντες.

489 638 688 715 Οὕτως
715 645 842 722 ἡμῖν
861 637 1040 706 δοτέον
1067 645 1141 715 εἰς
1167 645 1245 704 τὰ
1273 646 1368 716 τῆς
1399 642 1597 726 ψυχῆς
1642 644 1851 722 σημεῖα
1877 644 2105 723 μᾶλλον
2152 642 2444 722 ἑνδύεσθαι,
2474 643 2577 708 καὶ
2604 647 2697 708 διὰ

488 740 700 810 τούτων
726 745 1000 807 ,εἰδοποιεῖν
1045 747 1139 806 τὸν
1185 740 1432 806 ἑκάστου
1464 740 1612 823 βίον,
1654 740 1939 817 ἐάσαντας
1971 741 2176 830 §ripas
2218 747 2297 810 τὰ
2336 743 2547 830 μεγέθη
2588 746 2694 810 καὶ

490 841 622 919 τούς
652 848 903 932 ἀγῶνας.

531 955 537 964 ·
581 967 650 1014 v.
674 948 897 1013 Etiam
918 946 1003 1011 de
1023 948 1204 1031 stylo
1229 947 1447 1012 Curtii
1468 946 1651 1012 docti
1664 946 1940 1030 judices
1963 945 2381 1012 dissentiunt.
2474 945 2701 1010 Nemo

492 1061 720 1117 tamen
763 1050 917 1128 fuit,
963 1050 1082 1133 qui
1134 1049 1533 1131 elegantiam
1566 1047 1895 1114 sermonis
1922 1053 1989 1111 ct
2015 1047 2403 1114 facultatem
2432 1046 2703 1112 dicendi

489 1171 626 1215 non
657 1161 843 1216 esset
865 1153 1146 1216 miratus
1171 1171 1190 1230 ;
1232 1155 1300 1213 et
1328 1151 1449 1233 qui
1477 1150 1666 1214 illum
1696 1150 2211 1231 castigaverunt,
2238 1150 2440 1216 nimia
2468 1148 2702 1231 potius

491 1255 938 1318 concinnitate
963 1261 1032 1316 et
1059 1252 1447 1328 festivitate,
1471 1272 1674 1334 quam
1707 1251 2021 1326 dur-itate,
2049 1256 2115 1314 et
2143 1249 2343 1332 qnasi
2368 1249 2705 1314 moestitia

491 1354 813 1420 orationis
857 1353 1094 1416 offensi
1137 1357 1334 1416 sunt:
1397 1361 1606 1436 atque
1650 1353 1803 1435 ipse
1848 1351 2155 1415 Clericus
2201 1350 2573 1426 confitetur,
2621 1371 2699 1414 se
2774 1394 2783 1402 ·

489 1454 782 1519 lectione
807 1453 1022 1518 Curtii
1067 1455 1359 1518 maxime
1405 1474 1559 1518 esse
1604 1454 2030 1517 delectatum.
2121 1456 2142 1486 ⁴
2175 1449 2427 1516 Rerum
2474 1463 2701 1534 gesta·

489 1553 682 1632 rum‚’
705 1555 952 1638 inquit,
979 1553 1165 1641 (Art.
1193 1553 1426 1620 Critic.
1462 1555 1543 1620 Ρ.
1576 1571 1694 1621 ιιι.
1724 1577 1781 1620 S.
1812 1555 1877 1619 3.
1908 1573 1970 1618 c.
1996 1557 2087 1634 l.)
2131 1556 2152 1589 ‘
2174 1572 2344 1636 quas
2373 1552 2705 1619 describit

489 1658 940 1738 magnitudine
969 1658 1232 1724 animus
1265 1659 1638 1739 perculsus,
1682 1663 1746 1721 et
1790 1657 1951 1739 styli
1995 1656 2319 1737 elegantia
2348 1655 2701 1730 delinitus,

491 1759 676 1823 aliud
719 1759 905 1835 nihil,
967 1765 1214 1842 praeter
1259 1759 1737 1837 fortitudinem,
1790 1759 2151 1824 audaciam
2204 1765 2273 1823 et
2318 1757 2706 1822 felicitatem

491 1857 868 1924 Alexandri
907 1860 1224 1937 videbat3
1267 1861 1450 1924 aliud
1494 1861 1661 1925 nihil
1704 1867 1944 1944 proeter
1985 1858 2304 1924 sublimia
2345 1859 2556 1923 verba
2598 1857 2707 1920 sa—

489 1959 886 2025 cundissimi
916 1961 1258 2042 scriptoris
1289 1960 1652 2025 audiebat.'
1713 1961 1956 2044 Neque
1981 1981 2139 2025 vero
2166 1959 2538 2040 negandum
2566 1971 2705 2034 est,

489 2043 794 2126 Curtium
837 2062 1091 2146 ubique
1125 2060 1313 2143 justo
1361 2063 1519 2144 plus
1560 2060 1863 2148 ῥητορεύειν
1906 2069 1993 2140 et,
2047 2062 2443 2126 Rhetorices
2468 2061 2703 2125 studio

491 2163 685 2226 unice
711 2163 1451 2239 deditummccasiones
1481 2171 1790 2246 captare,
1822 2163 2165 2228 oratorias
2183 2163 2701 2245 descriptiones,

492 2259 746 2342 αῠέἦο-εις
794 2267 1270 2347 orationesque
1318 2265 1799 2330 disertissimae
1826 2265 2155 2349 opusculo
2186 2283 2308 2328 suo
2338 2263 2699 2330 inserendi.

493 2365 727 2432 Nihilo
757 2373 976 2433 tamen
1003 2366 1226 2433 minus
1251 2365 1552 2433 Curtiani
1580 2367 1901 2433 sermonis
1930 2373 2121 2433 tanta
2148 2372 2253 2432 est
2275 2364 2589 2442 dulcedo,
2622 2371 2701 2430 ut

488 2486 624 2531 non
671 2488 713 2533 a
753 2468 1106 2552 juventute
1137 2468 1309 2544 sola,
1356 2469 1479 2532 sed
1528 2470 1731 2533 etiam
1763 2490 1807 2533 a
1836 2470 2093 2534 limatis
2122 2475 2194 2533 et
2220 2466 2551 2533 emunctis
2582 2466 2707 2530 ho·

491 2568 782 2632 minibus
814 2570 884 2631 in
915 2568 1178 2632 deliciis
1207 2569 1294 2631 sit
1333 2567 1622 2646 habitus,
1664 2577 1873 2652 atque
1905 2568 2259 2651 singularis
2288 2567 2405 2633 illa
2434 2566 2705 2649 elegan-

491 2669 614 2744 tia,
656 2670 824 2735 mira
868 2670 984 2733 illa
1029 2670 1336 2735 suavitas
1381 2671 1583 2735 etiam
1627 2671 1791 2735 viris
1836 2670 2243 2736 subactioris
2276 2668 2521 2753 judicii
2562 2688 2704 2733 non

485 2768 926 2853 displicuerit.
1017 2772 1463 2836 Heumannus
1492 2772 1618 2836 hac
1656 2772 1739 2837 de
1782 2792 1851 2837 re
1894 2773 1993 2837 ita
2022 2771 2324 2855 judicat:
2372 2774 2394 2803 ‘
2425 2769 2705 2835 Curtius

485 2872 830 2955 elegantiae
876 2877 1013 2937 tam
1056 2872 1400 2937 studiosus
1444 2880 1567 2949 est,
1614 2879 1689 2937 ut
1731 2891 1774 2937 a
1810 2872 2197 2954 vulgaribus
2239 2871 2701 2936 locutionibus

485 2972 830 3037 abstineat
871 2980 943 3036 et
987 2974 1312 3057 ejusmodi
1359 2973 1641 3055 phrases
1686 2972 2049 3051 adhibeat‚.
2085 2992 2259 3057 quas
2299 2974 2515 3037 lector
2558 2990 2699 3037 nen

487 3072 910 3155 praeviderat,
956 3093 1093 3155 quo
1123 3075 1310 3137 illum
1343 3077 1767 3139 attentiorem
1796 3075 2037 3140 reddat
2062 3082 2133 3139 et
2162 3076 2293 3140 sibi
2318 3074 2469 3156 ejus
2500 3093 2698 3138 arno-

487 3192 626 3237 rem
657 3178 860 3255 atque
891 3174 1402 3239 admirationem
1447 3176 1783 3239 conciliet.
1870 3175 2131 3239 Similis
2176 3174 2374 3256 igitur
2404 3180 2516 3239 est.
2538 3173 2702 3239 Vir-

488 3274 672 3355 gilio,
717 3272 832 3356 qni
878 3281 945 3337 et
989 3274 1134 3356 ipse
1175 3294 1306 3336 non
1353 3273 1691 3339 delectare
1721 3276 2113 3358 simpliciter
2142 3276 2371 3343 studet
2397 3276 2699 3340 lectores

487 3394 675 3452 suoS,
717 3376 836 3439 sed
880 3375 1079 3439 etiam
1125 3394 1250 3438 eos
1297 3376 1367 3439 in
1413 3376 1920 3443 admirationem
1964 3396 2203 3461 rapere
2248 3384 2321 3442 et
2371 3378 2699 3445 attonitos

483 3476 758 3542 reddere
803 3483 1073 3541 conatur
1116 3478 1498 3561 eloquentia
1542 3500 1670 3544 sua
1713 3478 2090 3561 magnifica.
2176 3475 2339 3543 Vid.
2394 3477 2700 3545 Morbos.

481 3576 604 3641 lib.
651 3576 733 3642 de
782 3586 1016 3660 arg-uta
1059 3577 1356 3643 dictione
1404 3600 1473 3662 p.
1521 3581 1675 3645 170.
1768 3579 2223 3658 Quintilianus
2246 3579 2365 3645 lib.
2404 3596 2504 3643 w.
2535 3599 2597 3646 c.
2628 3581 2696 3644 2.

482 3676 717 3744 laudat
743 3680 1186 3744 narrationem
1220 3698 1393 3758 eam,
1441 3700 1594 3763 quoe
1638 3680 1839 3757 omni,
1886 3700 2021 3764 qua
2065 3684 2315 3763 potest,
2360 3680 2580 3762 gratia
2624 3691 2697 3746 et

484 3775 746 3844 Venere
790 3788 1119 3845 exornata
1163 3789 1287 3858 est,
1337 3782 1529 3864 atqui
1574 3782 1730 3847 talis
1774 3789 1882 3847 est
1925 3781 2141 3847 Curtii
2190 3781 2274 3845 de
2317 3781 2695 3851 Alexandri

484 3881 684 3945 rebus
711 3885 1022 3961 narratio,
1041 3902 1201 3965 ergo
1230 3900 1379 3947 eam
1409 3882 1689 3947 laudare
1715 3880 2043 3947 debemus.
2060 3901 2213 3947 cum
2236 3880 2694 3961 Quintiliano,

479 3979 630 4043 viro
663 3978 1161 4049 laudatissimo.
1210 3982 1450 4047 Cicero
1478 4002 1631 4048 cum
1654 3980 1889 4048 Curtio
1918 3983 2013 4047 ita
2040 3985 2411 4066 comparari
2441 3988 2693 4066 potest,

481 4079 578 4144 uti
611 4076 844 4144 Cicero
873 4090 1296 4165 comparatur
1323 4102 1477 4147 cum
1512 4081 1851 4149 Messalla
1874 4083 2171 4149 Corvino
2202 4104 2245 4148 a
2263 4081 2693 4161 Quintiliano

475 4180 758 4262 Dialog.
791 4180 876 4245 de
899 4181 1084 4250 Orat.
1117 4184 1219 4249 18.
1249 4188 1268 4219 ‘
1289 4184 1643 4268 Utroque:
1668 4184 2281 4267 inquit,.(Graccno
2312 4190 2380 4249 et
2398 4182 2689 4271 Crasso)
