2858 4782
552 366 682 433 122
1343 380 1401 429 s.
1450 378 1947 432 nantharium

549 522 799 583 transitu
839 520 1148 581 consilium
1189 530 1449 600 caperet,
1492 528 1511 556 ‘
1532 520 1717 581 duces
1760 520 2075 583 convocari
2096 519 2111 543 ⁹
2148 514 2344 599 jubet.
2426 518 2731 599 Plerisque

549 625 566 653 ⁸
591 616 909 697 praeeipitis
935 627 997 676 et
1033 614 1177 675 irriti
1205 619 1485 677 conatus·
1509 611 1863 689 videbatur,‘
1896 624 1913 651 ⁴
1932 614 2173 687 fluvium
2214 614 2577 694 profundum
2604 635 2731 693 per·-

549 730 834 793 rumpere,
873 711 1056 791 ripam
1084 729 1194 771 sua
1235 722 1449 772 natura
1474 712 1717 772 arduam
1746 722 1925 790 atque
1962 711 2301 791 impeditam
2328 711 2731 773 obtinentibus

551 820 640 868 tot
679 809 938 887 equitum
980 808 1360 887 peditumque
1409 808 1667 870 millibus
1687 809 1724 869 :'
1780 828 1887 871 nec
1930 808 2181 869 deerant
2230 810 2333 886 qui
2374 808 2729 887 ingererent,

549 911 566 939 ⁶
587 904 853 965 Doesium
881 920 1142 965 mensem
1161 902 1177 926 ⁹
1202 904 1282 982 (is
1319 903 1477 964 enim
1523 905 1809 982 agebatur
1833 903 2016 964 Junio
2042 902 2439 983 respondens)
2466 908 2485 938 ‘
2512 903 2731 983 infaus-

545 1009 670 1059 tum
697 1018 792 1060 res
821 996 1160 1078 gerentibus
1189 998 1350 1078 apud
1379 999 1747 1061 Macedonas
1774 998 2015 1059 baberi.'
2098 1001 2161 1059 5.
2202 998 2297 1058 De
2324 997 2591 1077 periculo
2614 1016 2729 1057 non

547 1094 780 1167 anxius,
809 1094 1284 1173 superstitionem
1329 1095 1492 1156 haud
1526 1094 1877 1157 contemsit:
1921 1114 2145 1173 gnarus
2168 1105 2458 1174 quantum
2488 1094 2551 1153 in
2580 1093 2732 1154 rudi·

545 1191 660 1251 bus
685 1190 895 1251 animis
923 1190 1146 1251 valeret
1170 1192 1350 1253 etiam
1379 1212 1548 1253 vanae
1576 1190 1878 1270 religionis
1913 1191 2137 1271 opinio.
2222 1191 2405 1269 Igitur
2432 1190 2639 1260 edixit,
2667 1198 2733 1247 ut

545 1287 796 1364 repetito
823 1288 1032 1365 prioris
1071 1288 1292 1353 mensis
1333 1290 1595 1361 nomine,
1620 1308 1729 1369 pro
1771 1287 1977 1349 Doesio
2004 1287 2154 1347 alter
2179 1286 2531 1349 Artemisiae
2556 1285 2735 1345 habe·

545 1391 726 1443 retur.
837 1385 900 1445 6.
959 1384 1032 1443 Et
1085 1403 1208 1462 quo
1263 1385 1563 1447 efficacius
1628 1386 2113 1447 confirmarentur
2167 1384 2435 1443 attonite
2487 1390 2734 1450 mentes,

547 1478 958 1543 Aristandrum
983 1482 1148 1557 (nam
1171 1480 1222 1539 is
1249 1480 1400 1542 forte
1419 1502 1527 1562 pro
1554 1482 1807 1543 transitu
1834 1480 2231 1554 sacrificabat)
2256 1489 2487 1539 secreto
2514 1474 2733 1537 moneri

539 1572 761 1650 jubent
813 1580 832 1609 ⁴
853 1585 923 1634 ut
969 1587 1348 1657 excepturam
1403 1590 1543 1639 exta
1596 1597 1836 1639 manum
1890 1576 2238 1637 inscriberet
2285 1572 2735 1641 medicamento,

543 1668 724 1731 literis
751 1672 1026 1747 inversis,
1049 1692 1202 1752 quas
1229 1674 1567 1754 impositum
1584 1675 1757 1754 jecur
1782 1672 2001 1735 recenti
2030 1670 2225 1731 adhuc
2252 1668 2453 1730 calore
2479 1665 2733 1727 attrahe·

545 1775 656 1833 ret,
671 1778 980 1845 rectasque
1005 1769 1356 1847 exprimeret
1375 1770 1410 1829 :’
1440 1770 1511 1829 iis
1535 1768 1999 1849 significabatur,
2028 1772 2045 1801 ‘
2070 1764 2411 1827 Alexandro
2433 1762 2731 1823 victoriam

545 1860 870 1921 concedere
896 1861 1099 1921 Deos-⁹
1139 1865 1200 1923 ’7.
1224 1863 1549 1943 vulgatum
1568 1864 1629 1924 id
1656 1862 2002 1923 miraculum
2024 1872 2191 1921 tanta
2206 1860 2387 1921 futuri
2406 1878 2515 1939 spe
2534 1874 2732 1918 omnes

545 1953 828 2032 implevit,
857 1965 926 2016 ut
973 1962 992 1991 ‘
1014 1968 1154 2035 post
1196 1958 1328 2019 haec
1377 1971 1500 2021 tam
1548 1970 1713 2021 certa
1756 1958 2019 2022 coelestis
2062 1957 2275 2019 favoris
2314 1955 2569 2035 pignora
2594 1950 2735 2011 nihil

545 2046 965 2111 dubitandum'
1003 2052 1481 2114 conclamarent:
1548 2056 1635 2115 ita
1686 2054 1746 2115 in
1801 2054 2115 2116 maximam
2157 2054 2307 2115 bene
2334 2049 2617 2131 gerendae
2657 2046 2735 2107 rei

545 2142 822 2233 fiduciam
865 2156 1000 2205 astu
1051 2145 1302 2218 inducti,
1347 2148 1649 2210 victoriam
1700 2150 1843 2228 quia
1886 2168 2053 2209 suam
2102 2166 2237 2209 esse
2285 2146 2735 2213 arbitrabantur,

545 2254 887 2317 rapuerunt.
969 2245 1028 2301 8.
1074 2241 1203 2301 Rex
1231 2242 1453 2321 impetu
1494 2244 1821 2305 animorum
1850 2242 2137 2305 utendum
2180 2254 2365 2314 ratus,
2396 2256 2729 2321 quanquam

545 2348 820 2398 monente
868 2336 1308 2413 Parmenione,h
1357 2348 1374 2374 ⁸
1401 2349 1471 2399 ut
1524 2340 1733 2400 saltem
1774 2340 2098 2419 proximam
2140 2338 2333 2400 lucem
2376 2336 2696 2417 operiretur
2718 2330 2735 2353 ’

543 2431 690 2508 (jam
738 2433 893 2492 enim
941 2432 1126 2512 major
1167 2433 1282 2494 diei
1323 2453 1462 2514 pars
1512 2435 1865 2511 effluxerat‚)
1912 2435 2113 2496 statim
2148 2433 2487 2495 transduxit
2514 2431 2730 2510 copias,

545 2524 951 2587 Parmenionis
991 2527 1429 2590 solicitudinem
1462 2529 1605 2609 joco
1634 2539 2005 2608 prosecutus,
2046 2535 2065 2564 ‘
2090 2527 2563 2592 erubescendum
2596 2524 2730 2586 Hel·

545 2620 822 2699 lesponto
849 2624 996 2697 fore,
1038 2623 1090 2685 si
1135 2624 1237 2684 illo
1275 2635 1553 2704 superato
1588 2625 1773 2686 rivum
1816 2624 1977 2684 hunc
2002 2624 2253 2684 transire
2278 2617 2733 2686 cunctarentur!

545 2717 603 2776 9.
633 2716 941 2780 Tredecim
972 2721 1235 2801 equitum
1265 2726 1512 2792 turmae,¹
1536 2739 1671 2780 cum
1698 2721 1827 2799 ipso
1856 2739 1995 2798 rege
2014 2739 2121 2798 per
2136 2719 2513 2779 obluctantes
2546 2715 2732 2776 undas

545 2813 642 2872 vix
669 2814 877 2889 enisoe,
921 2817 1264 2896 priusquam
1293 2815 1505 2876 stabile
1532 2825 1877 2894 certumque
1905 2816 2099 2876 solum
2128 2814 2489 2894 attigissent,
2516 2822 2619 2873 aut
2642 2828 2729 2870 or-

512 2947 530 2964 ·
543 2908 712 2970 dines
730 2910 880 2972 inter
897 2912 1320 2973 transeundum
1342 2911 1574 2972 laxatos
1590 2911 2044 2982 instaurassent,
2052 2909 2407 2970 circumfuso
2426 2909 2729 2976 Persarum

543 3006 810 3084 equitatu
832 3010 1210 3086 urgebantur.
1271 3009 1366 3068 10.
1395 3006 1629 3086 Quippe
1644 3026 1779 3067 cum
1800 3004 2109 3086 repudiato
2126 3005 2469 3066 Memnonis
2492 3002 2729 3066 consilio

543 3117 807 3176 pugnare
825 3101 1370 3178 placuissent(nam
1393 3102 1619 3162 Arsites
1638 3101 1913 3181 Phrygio
1930 3117 2171 3181 satrapa
2184 3107 2203 3134 ‘
2218 3120 2293 3162 ne
2306 3120 2489 3162 unum
2498 3098 2726 3181 quidem

550 3193 848 3270 tugurium
877 3213 1103 3267 eorum,
1129 3195 1230 3272 qui
1255 3195 1365 3253 sibi
1390 3195 1727 3267 subessent,
1746 3196 1983 3258 incendi
2012 3215 2079 3258 se
2102 3215 2417 3275 passurum
2440 3195 2456 3219 '
2486 3196 2729 3258 affirma·

547 3297 744 3354 verat;
777 3288 954 3368 inque
975 3290 1103 3369 ejus
1123 3290 1477 3350 sententiam
1501 3309 1537 3350 a
1562 3292 1774 3352 ceteris
1802 3293 1947 3352 itum
1970 3294 2124 3368 erat)
2150 3293 2231 3352 ad
2260 3292 2585 3356 Granicum
2612 3308 2730 3349 am·

545 3401 679 3442 nem
709 3403 845 3444 eum
873 3395 1110 3446 centum
1138 3384 1403 3466 peditum
1432 3387 1709 3460 millibus,
1736 3388 1945 3467 viginti
1970 3388 2278 3466 equitum*
2314 3389 2727 3454 consederant,

544 3479 786 3541 flumine
813 3499 920 3558 pro
948 3482 1314 3542 munimento
1339 3484 1529 3556 usuri,
1558 3495 1619 3545 et
1645 3483 1904 3544 vicissim
1932 3501 2061 3542 eam
2088 3483 2253 3544 velut
2292 3484 2458 3544 Asioe
2510 3493 2727 3563 portam

540 3576 802 3636 venienti
831 3576 1170 3637 Alexandro
1197 3579 1545 3640 obseraturi.
1638 3581 1730 3638 11.
1774 3579 1963 3658 Cujus
1990 3576 2251 3640 adventu
2279 3578 2545 3657 cognito,
2570 3574 2727 3654 equi·

540 3682 751 3756 tatum,
779 3673 840 3732 in
869 3691 989 3752 quo
1011 3676 1190 3733 robur
1211 3685 1340 3736 erat
1363 3675 1593 3749 virium,
1622 3675 1709 3735 ita
1748 3673 2067 3745 collocant,
2112 3683 2182 3736 ut
2222 3685 2433 3736 contra
2464 3673 2728 3734 dextrum

545 3767 945 3830 Macedonum
975 3789 1178 3844 cornu,
1200 3769 1364 3849 quod
1389 3772 1517 3852 ipse
1544 3791 1647 3833 rex
1662 3771 1954 3832 ducebat¹
1982 3775 2143 3847 (nam
2172 3770 2475 3831 sinistrum
2500 3768 2723 3829 Parme-

609 3949 631 3980 '
659 3953 802 4004 Plnt.
820 3957 971 4009 Alex.
997 3975 1048 4024 p.
1066 3961 1410 4014 672.Arrisn.
1435 3961 1471 4010 1.
1494 3963 1528 4012 1.
1740 3953 1765 3990 Β
1796 3955 1951 4006 Diod.
1987 3956 2097 4006 Sic.
2137 3968 2276 4006 xvir.
2315 3969 2367 4018 p.
2396 3959 2509 4006 5⁷2.
2534 3951 2723 4004 Arrian-

607 4033 632 4069 3
665 4028 896 4080 Frontin.
913 4033 1143 4100 Strateg.
1167 4049 1206 4086 ι.
1233 4039 1312 4088 11.
1337 4039 1416 4086 14.
1676 4047 1714 4084 ι.
1738 4037 1817 4084 16.
1837 4030 2030 4082 Justin.
2051 4043 2128 4080 ιι.
2150 4035 2200 4082 6.
2225 4035 2304 4080 10.

608 4099 632 4132 ¹¹
669 4101 813 4153 Plnt.
834 4103 983 4158 Alex.
1003 4109 1039 4158 1.
1063 4111 1098 4159 Ι.
1122 4108 1331 4162 Arrian-
1353 4111 1443 4160 1.1.
1740 4107 1755 4142 ¹
1788 4107 1995 4160 Arrisn.
2022 4107 2055 4156 Ι.
2078 4109 2114 4157 Ι.
2141 4107 2297 4158 Diod.
2320 4107 2355 4156 1.
2377 4095 2411 4154 l.

609 4175 624 4210 ¹
661 4176 803 4230 Plut.
824 4180 859 4232 l.
880 4181 914 4231 l.
