2858 4782
473 296 562 363 90
1265 307 1324 355 J.
1373 303 1877 354 saumsmmn

477 448 790 510 transferre
819 445 1044 515 malint,
1073 463 1146 503 an
1179 444 1338 505 domi
1377 444 1661 522 accipere.
1746 443 1883 500 Non
1911 450 2139 501 veteres
2166 451 2395 501 tantum
2422 438 2683 517 injurias

479 539 870 603 vindicandas
899 558 1065 605 esse:
1111 540 1216 597 sed
1263 558 1529 617 praesens
1576 538 1837 597 dedecus
1881 536 2302 605 amoliendum,
2346 533 2563 612 ereptis
2586 550 2685 591 ex

481 639 796 698 Persarum
863 635 1143 695 servitute
1197 633 1426 693 Graecis
1476 631 1835 704 civitatibus,
1883 650 2019 709 quse
2070 630 2273 690 Asiam
2322 629 2685 689 incolerent.

481 729 972 807 Commodissima
1013 729 1076 787 id
1115 728 1240 787 fieri
1281 744 1483 805 posse,
1530 727 1691 798 dum,
1730 726 2073 805 compositis
2115 727 2176 785 in
2208 725 2447 785 Graecia
2472 725 2691 798 rebuS,

470 827 786 889 ‘universas
813 826 965 885 vires
990 824 1052 882 iu
1079 824 1535 883 transmarinum
1574 822 1797 882 bellum
1838 831 2178 881 convertere
2206 821 2453 881 liberum
2490 832 2688 879 esset.

485 924 582 983 16.
628 920 988 981 Domesticoe
1015 918 1190 978 etiam
1221 918 1402 997 quieti
1425 938 1502 979 ea
1526 918 1752 977 ratione
1780 927 2157 995 prospectum
2199 916 2289 989 iri,
2316 916 2528 975 amotis
2568 934 2691 973 oc·

483 1017 831 1096 cupatisque
869 1015 1196 1094 longinqua
1233 1013 1462 1087 militia,
1490 1014 1591 1093 qui
1630 1013 1805 1072 otiosi
1848 1011 2157 1071 discordiis
2184 1024 2246 1071 et
2286 1010 2540 1070 audacia
2577 1029 2691 1068 res

485 1114 722 1201 tprbare
747 1110 1213 1171 consuevissent.
1297 1110 1748 1170 constituerent
1770 1108 1947 1186 igitur
1981 1126 2103 1185 quo
2144 1096 2517 1185 imperatui-e,
2542 1105 2692 1182 qui-

482 1198 718 1285 busque
743 1206 930 1283 copiis
966 1205 1188 1265 bellum
1213 1204 1376 1265 istud
1403 1203 1937 1265 administrandum
1976 1200 2313 1261 videretur.'
2402 1204 2494 1259 17.
2538 1199 2695 1257 Nou

487 1302 729 1363 fallebat
779 1300 1098 1381 plerosque
1150 1311 1439 1379 quantum
1494 1320 1529 1359 e
1582 1300 1886 1377 republica
1932 1307 2266 1378 peteretur-5
2340 1296 2448 1355 sed
2498 1295 2697 1353 armis

487 1395 772 1457 amissam
796 1397 1125 1457 libertatem
1153 1396 1627 1475 intempestivum
1650 1394 1957 1455 videbatur
1982 1392 2173 1453 verbis
2200 1399 2488 1470 repetere.
2573 1390 2699 1447 Ni·

490 1490 576 1549 hil
601 1510 744 1571 ergo
781 1492 1114 1553 dubitatum
1153 1502 1264 1565 est,
1311 1494 1456 1573 quin
1501 1492 1713 1552 faustis
1756 1487 2281 1550 acclamationibus
2332 1493 2349 1521 ‘
2375 1484 2701 1565 Philippus

491 1586 812 1665 imperator
839 1586 1090 1649 Gmciae
1119 1586 1198 1647 ad
1238 1584 1611 1649 liberandum
1650 1588 1854 1646 orbem
1896 1592 2179 1644 terrarum
2220 1582 2283 1641 in
2312 1583 2517 1641 Asia-m
2542 1600 2699 1661 pro-

491 1682 710 1741 ficisci’
749 1682 1074 1761 juberetur.
1164 1684 1259 1743 18.
1305 1683 1637 1761 Descripta
1687 1679 1903 1741 deinde
1958 1678 2327 1757 singulorum
2380 1696 2565 1756 opes:
2630 1686 2705 1736 et

491 1785 778 1853 quantum
829 1776 1080 1855 quisque
1127 1776 1400 1849 militum,
1456 1776 1853 1855 frumentique
1894 1784 1957 1834 et
1994 1774 2261 1854 pecunioe
2306 1773 2589 1843 mitteret,
2626 1773 2699 1830 in

477 1870 728 1929 tabulas
755 1869 1004 1931 relatum
1032 1880 1146 1931 est.
1217 1874 1495 1933 Ducenta
1520 1874 1820 1951 peditump
1844 1870 2181 1949 quindecim
2210 1870 2476 1948 equitum
2503 1866 2704 1947 millja

494 1965 786 2043 promissa
813 1965 997 2025 fuisse
1023 1966 1280 2045 reperim
1324 1986 1461 2025 cum
1488 1967 1548 2025 in
1572 1986 1645 2026 eo
1673 1984 1917 2025 numero
1945 1983 2137 2043 neque
2166 1962 2554 2034 Macedones,
2586 1980 2703 2021 ne-

495 2078 612 2138 que
639 2070 914 2138 parentes
945 2059 1380 2121 Macedonibus
1408 2061 1639 2121 barbari
1667 2068 2065 2122 censerentur.

501 2184 510 2193 ·
580 2154 604 2212 1
611 2154 686 2214 X.
736 2154 789 2215 l.
821 2154 1120 2227 Ceterum,
1147 2166 1216 2214 ut
1261 2156 1390 2215 sine
1433 2155 1689 2215 mixtura
1716 2152 2071 2217 calamitatis
2100 2152 2267 2215 nulla
2292 2151 2353 2212 in
2382 2153 2556 2212 rebus
2583 2152 2707 2211 hu-

497 2248 688 2310 manis
715 2248 966 2309 felicitas
1011 2261 1126 2322 est,
1152 2270 1250 2310 res
1299 2250 1441 2309 foris
1488 2268 1801 2333 prosperas
1849 2247 2194 2309 domestica
2222 2249 2412 2308 turbae
2440 2266 2705 2327 excepe-

489 2356 654 2405 runt.
736 2344 1014 2404 Animum
1053 2346 1331 2426 conjugis
1371 2346 1533 2420 olim,
1562 2358 1629 2407 ut
1666 2344 1948 2418 diximus,
1998 2343 2341 2404 alieniorem
2381 2342 2705 2423 Olympias

498 2441 840 2500 morositate
905 2451 967 2499 et
1021 2443 1360 2519 arrogantia
1413 2443 1473 2501 in
1528 2443 1655 2502 dies
1722 2443 1911 2521 magis
1987 2441 2297 2520 magisque
2369 2441 2705 2500 avertebat.

502 2536 580 2593 2.·
606 2533 751 2594 lnde
788 2542 806 2568 ‘
828 2535 1227 2614 repudiatam’
1265 2536 1538 2596 nonnulli
1568 2537 1814 2596 tradunt
1830 2545 1875 2596 :⁸
1924 2555 2039 2614 ego
2066 2537 2127 2596 in
2154 2534 2364 2596 eodem
2394 2535 2707 2593 matrimo-

503 2630 604 2688 nio
631 2631 894 2690 manenti
933 2627 1350 2710 Cleopatram⁶
1378 2633 1863 2712 superinductam
1889 2633 2206 2709 comperio.
2290 2630 2419 2688 Nec
2446 2628 2607 2688 enim
2633 2629 2707 2687 in

502 2734 672 2786 tanto
701 2723 994 2786 dedecore
1020 2725 1378 2786 dulcissimae
1417 2727 1644 2800 matris,
1685 2727 1855 2805 cujus
1898 2725 2090 2805 pudor
2116 2725 2193 2784 ad
2234 2727 2429 2804 ipsum
2456 2744 2709 2803 quoque

501 2818 820 2896 pertineret
855 2821 1018 2894 (nam
1047 2825 1065 2853 ‘
1087 2821 1163 2879 ob
1193 2822 1380 2898 stupri
1412 2822 1805 2900 suspicionem
1834 2821 2141 2899 expulsam
2162 2819 2177 2844 ’
2212 2819 2469 2896 addunt)
2512 2820 2709 2878 inter-

503 2913 714 2976 fuisset
741 2933 1008 2973 novercae
1039 2915 1259 2994 nuptiis
1285 2934 1301 2974 ε
1342 2914 1609 2975 interfuit
1637 2924 1856 2987 autem,
1885 2926 1947 2974 et
1988 2914 2226 2974 demum
2267 2925 2407 2994 post
2444 2907 2711 2976 'conten-

505 3007 748 3078 tionem,
773 3027 908 3084 quae
937 3008 996 3066 in
1027 3027 1096 3068 eo
1123 3011 1391 3068 convivio
1420 3021 1743 3084 exarserat,
1765 3021 2009 3070 matrem
2039 3009 2309 3069 abduxit.
2378 3013 2435 3070 3.
2464 3009 2711 3087 Quippe

506 3120 642 3160 cum
671 3101 998 3161 avunculus
1029 3121 1269 3180 sponsae
1297 3102 1557 3175 Attalus,
1579 3117 1717 3182 post
1744 3105 1985 3182 longam
2012 3104 2509 3183 compotationem
2532 3121 2711 3182 spem

505 3195 662 3256 male
706 3205 936 3274 tegens,
987 3203 1004 3230 ‘
1031 3197 1288 3257 orandos
1349 3195 1783 3259 Macedonibus
1826 3198 1989 3258 Deos
2034 3199 2277 3271 diceret,
2323 3210 2391 3259 ut
2430 3219 2504 3258 ex
2543 3219 2713 3259 nova

507 3299 698 3370 nupta
725 3290 1050 3374 legitimum
1079 3292 1248 3371 regni
1287 3311 1691 3354 successorem
1734 3292 2046 3372 Philippus
2076 3292 2311 3354 tolleret
2326 3294 2402 3353 τέ
2440 3294 2717 3352 Alexan-

507 3385 615 3446 der
643 3386 705 3446 in
733 3385 878 3445 iram
908 3386 1126 3466 alioqui
1155 3408 1446 3468 praeceps,
1474 3399 1539 3450 et
1578 3399 1722 3449 tunc
1763 3389 1977 3466 injuria
2004 3388 2317 3455 irritatiorz
2357 3394 2375 3422 ⁸
2400 3407 2509 3447 nos
2538 3407 2713 3468 ergo,

511 3481 788 3554 sceleste,
817 3481 998 3562 spurii
1044 3483 1149 3543 tibi
1195 3484 1465 3544 videmur
1478 3485 1526 3542 ’ζ’
1568 3485 1793 3564 inquit:
1842 3483 2018 3542 simul
2056 3483 2325 3556 calicem,
2350 3503 2523 3563 quem
2553 3484 2713 3545 sorte

511 3578 724 3639 dextra
765 3579 1024 3649 tenebat,
1054 3578 1114 3636 in
1155 3598 1224 3640 os
1267 3579 1426 3639 illius
1454 3579 1733 3660 impegit3
1780 3577 1879 3638 ille
1908 3597 2143 3657 quoque
2172 3578 2421 3638 invicem
2452 3580 2715 3658 conjecit

513 3675 810 3756 poculum.
890 3676 955 3734 4.
999 3674 1220 3733 Extorto
1264 3673 1538 3744 tumultu,
1567 3673 1899 3752 Philippus,
1940 3674 2043 3751 qui
2089 3674 2149 3732 in
2200 3672 2319 3733 alio
2340 3673 2499 3734 lecto
2527 3694 2714 3738 accu-

511 3772 739 3843 buerat,
767 3771 894 3850 ejus
925 3768 1042 3830 diei
1070 3767 1335 3830 laetitiam
1366 3768 1585 3828 turbari
1614 3769 1861 3829 moleste
1884 3768 2099 3840 ferens,
2120 3787 2261 3828 ense
2292 3771 2495 3829 stricto
2522 3769 2713 3832 Alex·

576 3956 592 3990 ι
624 3955 938 4009 ,mamhh
1713 3957 1739 3991 b
1774 3953 1977 4004 Arri-n.
2016 3967 2105 4004 ιιι.
2136 3958 2189 4004 6.
2218 3967 2322 4004 non
2360 3954 2713 4022 Cleopatram.

580 4037 606 4066 ⁸
639 4031 784 4082 mut.
835 4030 988 4082 Alex.
1027 4047 1082 4097 p.
1101 4037 1220 4085 669.
1257 4032 1454 4086 Justin.
1492 4046 1574 4086 tx.
1652 4030 1744 4082 sed
1763 4029 2063 4092 Eurydicen
2083 4042 2199 4079 eam
2216 4035 2393 4086 vocat»

519 4109 630 4159 ιθ.
1720 4114 1743 4140 ²
1776 4105 1917 4155 Plut.
1940 4105 1977 4154 l.
1998 4105 2032 4155 l.
2054 4104 2251 4156 sustin.
2274 4117 2355 4157 ιι.
2378 4109 2427 4156 ¹7.
2448 4111 2499 4158 ⁸.
