2858 4782
520 324 651 389 334
963 340 1029 398 Q.
1078 336 1343 387 cunm
1390 336 1568 386 num
1621 337 1766 384 mn.
1813 338 1913 386 iv.
1959 336 2131 386 cap.
2173 322 2277 388 15.

518 491 675 555 thas
702 488 920 555 mittit.
1008 489 1114 551 14.
1161 488 1348 552 Inter
1389 488 1538 551 hoec
1585 505 1845 565 currus,
1883 488 2003 571 qui
2047 490 2230 555 circa
2272 487 2502 572 prima
2533 490 2722 571 signa

518 592 942 656 turbaverant
972 590 1212 669 aciem,
1256 591 1326 653 in
1358 589 1752 672 phalangem
1795 590 2046 655 invecti
2077 597 2289 655 erant.
2379 589 2724 655 Macedo-

518 712 639 755 nes
669 691 1071 755 confirmatis
1118 691 1357 756 animis
1397 691 1470 753 in
1518 690 1812 755 medium
1864 710 2100 773 agmen
2129 692 2531 775 accipiunt?
2618 694 2723 755 15.

520 791 732 857 Vallo
763 792 1003 871 similis
1047 793 1229 856 acies
1257 798 1442 857 erat:
1479 792 2148 876 junxeranthastas3
2192 800 2260 859 et
2291 795 2381 858 ab
2431 800 2726 873 utroque

516 895 721 958 latere
778 900 1031 957 temere
1090 894 1559 958 incurrentium
1599 880 1736 957 'ilia
1801 894 2286 961 suffodiebant:
2353 894 2724 958 circumire

518 995 761 1059 deinde
792 1014 1047 1073 currus,
1071 1003 1141 1059 et
1168 1000 1696 1078 propugnatores
1727 996 2147 1079 praecipitare
2177 1001 2567 1079 coeperunt.
2620 994 2726 1057 16.

520 1095 770 1178 Ingens
816 1098 1005 1161 ruina
1054 1116 1369 1179 equorum
1410 1097 1918 1179 aurigarumque
1955 1099 2170 1161 aciem
2218 1097 2724 1181 compleverat:

518 1196 589 1260 hi
620 1198 888 1262 territos
916 1215 1137 1279 regere
1166 1216 1299 1262 non
1328 1202 1669 1280 poterant:
1715 1198 1870 1279 equi
1915 1199 2146 1263 crebra
2164 1198 2559 1282 jactatione
2591 1216 2726 1261 cer-

510 1285 745 1364 'vicum
773 1317 908 1362 non
928 1299 1166 1383 jugum
1190 1298 1389 1362 modo
1410 1304 1875 1375 excusserant,
1897 1298 2018 1361 sed
2039 1300 2240 1363 etiam
2263 1318 2517 1363 currus
2549 1317 2728 1363 ever-

520 1408 781 1466 terant:
866 1400 1199 1465 vulnerati
1250 1400 1639 1464 interfectos
1709 1399 2097 1465 trahebant:
2170 1419 2292 1464 nec
2353 1399 2724 1464 consistere

520 1502 755 1581 territi,
802 1522 926 1569 nec
976 1502 1283 1586 progredi
1335 1501 1592 1567 debiles
1631 1508 1958 1585 poterant.
2044 1501 2152 1566 17.
2198 1502 2456 1567 Paucae
2505 1508 2722 1564 tamen
2805 1530 2807 1533 ⁴

519 1624 791 1670 evasere
819 1604 1161 1687 quadrigae
1188 1605 1259 1669 in
1300 1604 1606 1668 ultimam
1638 1603 1872 1681 aciem,
1901 1604 2012 1681 iis,
2041 1604 2285 1687 quibus
2315 1604 2722 1677 inciderunt,

519 1707 881 1772 miserabili
932 1712 1144 1771 morte
1164 1703 1185 1741 ¹'
1241 1706 1646 1770 consumtis:
1708 1706 1963 1787 quippe
2017 1712 2370 1787 amputata
2429 1705 2720 1769 virorum

519 1810 815 1872 membra
839 1809 1025 1872 humi
1064 1808 1426 1892 jacebant:
1472 1814 1544 1872 et
1585 1798 1750 1889 quia
1795 1806 2032 1871 calidis
2063 1807 2284 1871 adhuc
2331 1806 2722 1871 vulneribus

520 1910 749 1972 aberat
794 1907 1004 1985 dolor,
1032 1910 1245 1973 trunci
1294 1928 1562 1992 quoque
1609 1916 1682 1971 et
1728 1909 1984 1972 debiles
2029 1928 2215 1973 arma
2265 1926 2406 1972 non
2456 1908 2720 1971 omitte·
2805 1942 2807 1945 <

520 2010 722 2087 bant3
768 2010 1013 2087 donec,
1042 2010 1253 2074 multo
1300 2011 1622 2092 sanguine
1651 2009 1884 2088 effuso,
1930 2010 2292 2075 exanimati
2323 2008 2720 2091 procumbe·

518 2115 682 2192 rent.
770 2109 879 2173 18.
946 2110 1221 2175 Interim
1266 2109 1537 2188 Aretes,
1591 2110 2014 2194 Scytharum,
2059 2112 2180 2193 qui
2239 2110 2716 2195 impedimenta

522 2210 947 2294 diripiebant,
982 2212 1154 2277 duce
1184 2214 1440 2292 occiso,
1489 2212 1760 2295 gravius
1790 2213 2039 2277 territis
2066 2213 2388 2276 instabat.
2483 2210 2718 2291 Super-

1440 2389 1800 2411 ”OHMOOO

522 2472 659 2522 Dan.
680 2473 1032 2537 sari-sophorum
1065 2474 1182 2525 Pal.
1204 2479 1251 2523 1.
1273 2491 1379 2538 ‹111oe
1399 2474 1754 2539 san'sophomu
1789 2473 1911 2523 Ald.
1932 2489 2047 2536 quos
2065 2473 2466 2550 znpzq’coaepdpovs·
2501 2473 2652 2520 Voss.
2667 2474 2711 2518 2.

519 2537 896 2600 arioeophoresg
930 2540 1069 2588 Mer.
1092 2554 1228 2601 quem
1246 2540 1452 2602 sarissop
1451 2511 1751 2588 horon—14⁹
1777 2540 1931 2588 Voss.
1953 2541 2000 2586 2.
2032 2539 2258 2587 omittit:
2293 2539 2376 2600 qui
2398 2538 2529 2586 cirea
2547 2536 2709 2598 prim.

519 2605 647 2648 -15
684 2601 912 2650 Florent.
942 2602 1089 2651 Leid.
1135 2603 1289 2652 Voss.
1314 2607 1362 2658 1.
1384 2607 1436 2651 2.
1461 2605 1603 2652 Dan.
1631 2603 1748 2652 Pal.
1781 2607 1828 2652 1.
1869 2607 1924 2650 et
1963 2602 2130 2662 Bong.
2169 2602 2340 2650 deinde
2379 2607 2428 2649 et
2469 2613 2710 2650 curm.—

522 2667 587 2712 16
624 2663 741 2714 Ald.
774 2665 917 2714 ruina
936 2681 1152 2728 quorum.
1216 2666 1324 2714 Pro
1345 2667 1454 2729 equi
1475 2667 1705 2715 Florent-
1726 2667 1948 2714 Ίῑιοοοτ.
1980 2665 2125 2713 Leid.
2160 2665 2314 2714 Voss,
2340 2669 2389 2714 1.
2413 2669 2466 2714 2.
2519 2663 2614 2712 Ed.
2637 2675 2707 2722 pr.

520 2727 733 2777 Venett.
755 2729 948 2778 Veron.
972 2738 1027 2779 et
1048 2731 1184 2779 Mer.
1218 2729 1309 2786 hi,-
1339 2730 1457 2780 Pal.
1482 2734 1530 2780 1.
1564 2729 1686 2779 Ald.
1725 2729 1896 2779 Colin.
1933 2728 2134 2792 Gryph.
2179 2728 2292 2778 Col.
2335 2735 2396 2778 et
2443 2729 2571 2778 Bas.
2602 2725 2707 2788 qui,-

520 2791 662 2842 Dan.
696 2793 788 2842 hic.
856 2793 1047 2842 Heum.
1071 2795 1251 2853 legere
1264 2793 1419 2857 jubet
1439 2794 1530 2842 illi.
1598 2794 1714 2844 Pal.
1737 2799 1785 2842 1.
1817 2808 1900 2850 nec
1939 2793 2272 2854 pragu-edibilis
2299 2797 2560 2854 poterant,-
2591 2802 2708 2837 non-

521 2857 675 2905 nullae
698 2857 819 2905 edd.
844 2863 971 2906 vett.
991 2872 1105 2906 cum
1124 2859 1254 2907 Tell.
1276 2866 1333 2907 et
1355 2859 1534 2907 Μαίη.
1556 2872 1641 2906 nec
1657 2858 1952 2919 congredid.
1971 2861 2334 2919 poterunt—1⁷
2361 2857 2471 2904 Pro
2495 2851 2704 2904 iisLeid.

522 2920 676 2970 Voss.
696 2925 745 2969 2.
781 2929 838 2969 et
872 2923 1011 2970 Mer.
1047 2923 1141 2972 Ιιίε.
1208 2922 1350 2972 ΡίιΙι.
1387 2921 1736 2972 miserabiliter.
1805 2922 1950 2970 Leid-
1979 2921 2515 2983 cmuciqaeetdewes.
2583 2919 2706 2966 Dan.

521 2983 1378 3035 Pitli.Faueb.11eid.Flm-.ent
1422 2997 1479 3036 et
1515 2987 1670 3036 Voss.
1711 2989 1761 3036 2.
1803 2999 1936 3034 arma
1971 2986 2158 3047 quidem
2197 2999 2322 3042 τιστις
2373 2986 2542 3045 Bong.
2585 2986 2625 3029 1.
2661 2981 2706 3026 2-

522 3057 579 3096 et
622 3048 773 3119 νοις.
806 3053 852 3097 1.
902 3050 1087 3110 quidem
1134 3065 1271 3098 arum
1313 3065 1438 3108 nom
1489 3050 1607 3099 alii:
1642 3063 1776 3100 anm
1807 3055 1964 3098 tamen
1994 3065 2104 3097 m.
2171 3049 2288 3097 Pal.
2333 3053 2380 3098 1.
2424 3046 2567 3096 nuni
2605 3057 2704 3093 m·

520 3109 684 3168 guinis
728 3109 1017 3172 φοί-18
1051 3113 1282 3164 Florent.
1325 3115 1473 3162 Leid.
1509 3113 1660 3163 Voss.
1711 3119 1758 3162 1.
1799 3117 1850 3162 2.
1899 3112 2035 3162 Dan.
2069 3119 2125 3161 et
2161 3112 2327 3174 Bong.
2365 3117 2408 3160 1.
2439 3116 2490 3160 2.
2525 3108 2701 3160 Arcti-u

524 3173 717 3222 Faucb.
757 3182 811 3223 et
854 3174 1001 3224 Pith.
1039 3175 1271 3234 Anthi„
1303 3178 1438 3228 Mer.
1477 3178 1644 3242 Arete,
1686 3183 1742 3226 et
1777 3189 1896 3224 mox
1937 3176 2197 3227 instabant.
2279 3177 2448 3240 Boug.
2489 3175 2702 3224 Florem.

1513 3316 1726 3366 NOTAE

518 3407 805 3474 proprium,
829 3423 978 3473 quam
1002 3409 1229 3460 AElianus
1252 3417 1308 3461 et
1328 3411 1578 3476 Polybius
1659 3411 1780 3460 hinc
1823 3410 1944 3460 inde
1983 3409 2167 3472 divisa,
2207 3408 2614 3474 prominentibus
2649 3419 2699 3452 u-

520 3484 811 3536 cubitorum
827 3487 1241 3550 quatuordecim,
1258 3489 1356 3537 hoc
1373 3493 1473 3551 est,
1490 3502 1580 3551 pe·
1659 3489 1883 3551 trimque
1903 3487 2121 3549 sarissis,
2141 3487 2362 3550 speciem
2384 3485 2604 3536 habebat
2620 3497 2699 3544 ag·

521 3560 645 3610 dum
667 3563 814 3610 unius
831 3569 885 3611 et
908 3563 1086 3626 viginti
1108 3561 1324 3623 faciunt,
1343 3578 1462 3613 cum
1482 3563 1580 3614 ini·
1658 3563 1797 3626 geris
1833 3561 2048 3625 praefixo
2080 3562 2215 3610 vallo
2252 3560 2471 3612 defensi.
2532 3559 2698 3608 vallus

519 3636 595 3684 tio
617 3635 881 3686 sexdecim
918 3636 1210 3686 cubitorum
1250 3637 1454 3699 fuisset,
1487 3654 1578 3703 pe·
1661 3639 1782 3704 quid
1807 3639 1878 3689 sit
1897 3639 2120 3688 diximus
2141 3653 2256 3701 cap.
2282 3643 2360 3688 12.

522 3711 750 3777 dumque
773 3713 901 3761 adeo
924 3712 1104 3776 viginti
1125 3719 1364 3776 quatuor.
1431 3714 1578 3762 Simi-
1723 3712 1746 3744 f
1774 3714 2046 3764 Miser-abili
2079 3714 2252 3778 morte]
2295 3713 2504 3762 Iudicat
2539 3717 2694 3760 tamen

518 3789 583 3837 lis
603 3797 685 3838 est
704 3805 855 3855 quam
875 3791 1026 3841 hodie
1049 3789 1267 3841 dicimus
1302 3807 1393 3842 une
1419 3794 1579 3856 pique.
1661 3789 1907 3840 Arrianus
1938 3790 2064 3838 nihil
2085 3789 2258 3838 damni
2280 3789 2478 3838 illatum
2501 3803 2532 3836 a
2551 3783 2694 3834 curri-

522 3865 628 3914 Sed
654 3867 754 3915 alia
776 3867 979 3916 brevior
1000 3874 1114 3917 erat
1136 3867 1363 3930 equitum
1382 3868 1448 3917 de
1466 3869 1578 3932 qui-
1659 3865 1782 3926 bus;
1802 3865 1930 3914 alios
1953 3880 2050 3929 per
2063 3864 2286 3914 mediam
2307 3864 2609 3922 phalangem
2627 3861 2691 3906 in-

522 3937 620 3987 bus
652 3941 737 3989 hic
772 3944 965 4004 agitur,
1003 3957 1153 4005 quam
1176 3942 1375 3992 Gallice
1398 3943 1578 3992 dicere
1657 3941 1840 3990 noxios
1877 3949 1933 3990 et
1975 3941 2162 3990 illaesos
2201 3940 2462 4001 transisse,
2497 3938 2690 3987 aliorum

524 4013 693 4075 possis
712 4015 1037 4074 unejaveline.
1658 4031 1818 4080 equos
1840 4011 1957 4066 telis
1981 4015 2246 4067 confossos
2268 4029 2402 4065 esse.
2460 4012 2560 4064 Sed
2581 4009 2692 4060 Dio·

589 4094 612 4120 ι·
632 4087 907 4152 Accipite-e]
941 4091 1179 4139 Falcatos
1194 4104 1375 4141 currus
1393 4090 1578 4141 admit·
1659 4092 1814 4142 dorus
1837 4092 2148 4156 astipulatur
2173 4091 2370 4142 Curtio.

524 4169 661 4212 tunt.
748 4162 905 4224 Vallo]
956 4165 1193 4213 Phalanx
1230 4165 1576 4216 Macedonum
