2858 4782
633 391 893 442 supet„
941 390 1022 439 n«
1071 390 1144 451 Q.
1192 388 1542 440 cun-rium
1596 390 1737 439 ms.
1786 391 1866 438 ιι.
2216 374 2343 439 137

137 532 631 599 intercesserant:
676 550 814 593 cum
855 528 1216 605 Alexander,
1255 530 1491 610 objecta
1516 548 1623 611 spe
1659 528 2078 609 Myndensium
2122 530 2345 609 oppido

135 645 236 705 per
263 626 663 705 proditionem
711 618 1032 705 potiundi,¹’
1057 639 1234 685 nocte
1283 625 1641 706 intempesta
1686 644 1821 685 cum
1848 635 2017 704 parte
2044 627 2344 705 copiarum

133 720 548 799 proficiscitur.
635 720 757 781 Sed
787 720 933 780 nihil
954 738 1252 800 quoquam
1283 733 1579 793 movente,
1602 718 1845 780 admota
1867 722 2031 799 gravi
2052 732 2347 781 armatura

26 810 28 813 ’
135 834 366 877 murum
399 815 620 876 suffodi
662 817 960 896 imperata
998 836 1194 894 neque
1235 816 1392 889 enim
1421 817 1617 879 scalas
1668 826 1775 877 aut
1800 816 2105 877 machinas
2130 817 2348 877 attule-

135 920 244 981 rat,
271 928 418 971 cum
443 910 840 992 oppugnandi
883 910 1132 973 consilio
1173 910 1379 972 urbem
1427 932 1546 974 non
1588 913 1964 976 accessisset.
2047 915 2111 973 4.
2154 912 2233 972 Et
2256 906 2344 972 illi

135 1006 400 1083 quidem,
447 1026 570 1067 una
612 1007 862 1067 turrium
905 1006 1160 1086 dejecta,
1203 1007 1348 1067 nibil
1403 1018 1601 1069 tamen
1652 1016 2009 1091 aperuerunt
2046 1006 2185 1081 loci,
2226 1026 2349 1086 quo

135 1102 290 1161 intra
343 1114 842 1181 perrumperent:
885 1119 1021 1161 nam
1077 1103 1229 1162 sorte
1276 1103 1361 1163 ita
1413 1105 1755 1182 prociderat
1804 1104 2003 1177 turris,
2052 1114 2123 1164 ut
2167 1122 2351 1184 quam

138 1216 442 1257 murorum
483 1208 718 1277 partem
759 1208 928 1258 stans
973 1206 1331 1277 protexerat,
1374 1217 1498 1259 non
1540 1201 1735 1261 minus
1776 1200 1947 1262 ruina
1989 1199 2243 1278 sepiret3
2288 1202 2346 1260 5.
2408 1204 2413 1209 “

137 1292 418 1369 civesque
461 1310 701 1353 summa
725 1310 840 1372 ope
869 1291 1259 1353 resistebant:
1301 1304 1364 1353 et
1389 1295 1467 1354 ab
1510 1294 2140 1357 Halicarnassensibus
2178 1294 2351 1375 adju-

144 1387 455 1460 vabantur,
481 1404 666 1466 quos,
709 1387 914 1449 audito
943 1386 1156 1448 vicinae
1195 1386 1450 1448 civitatis
1490 1388 1777 1470 periculo,
1806 1390 2095 1451 maritimo
2142 1390 2351 1451 itinere

139 1481 448 1541 Memnon
489 1482 890 1543 commiserat.
972 1484 1068 1543 lta
1109 1494 1362 1544 conatus
1397 1484 1799 1546 Macedonum
1836 1486 2032 1547 irritus
2074 1485 2207 1545 fuit.
2290 1487 2347 1545 6.

26 1596 28 1663 ξ
140 1576 511 1650 Alexander,
537 1576 616 1637 ad
643 1576 1015 1637 obsidionem
1042 1576 1457 1639 Halicarnassi
1487 1600 1779 1655 reversus,
1808 1589 1947 1642 ante
1988 1581 2188 1641 omnia
2227 1580 2351 1640 fos-

26 1706 28 1715 ·
131 1692 266 1734 sam
290 1672 548 1751 triginta
573 1674 826 1734 maxime
851 1673 1082 1734 cubitos
1111 1674 1314 1748 latam,
1341 1675 1525 1735 altam
1552 1676 1913 1756 quindecim,
1938 1694 2120 1755 quam
2147 1674 2351 1737 hostes

140 1788 246 1847 pro
283 1770 436 1829 urbe
487 1768 804 1841 duxerant,
853 1769 1218 1849 expleturus,
1257 1786 1380 1831 tres
1427 1770 1761 1833 testudines
1802 1778 2097 1853 apparat,⁴²
2134 1770 2349 1851 quibus

140 1875 448 1942 protectus
495 1863 670 1925 miles
725 1864 1030 1925 materiam
1059 1872 1412 1943 terramque
1458 1866 1590 1926 sine
1636 1884 1797 1928 noxa
1844 1876 2209 1947 congereret.
2290 1868 2353 1924 7.

141 1960 410 2037 Equata
441 1961 630 2032 fossa,
658 1965 680 1995 ‘
703 1970 893 2021 turres
937 1958 1384 2040 machinasque,
1413 1962 1631 2040 quibus
1660 1962 1813 2024 muri
1854 1970 2215 2033 sternuntur,
2246 1960 2353 2021 ad-

141 2054 366 2115 moveri
389 2050 424 2081 ’'
425 2055 634 2133 jussit.
715 2057 970 2135 Jamque
1011 2064 1200 2117 strata
1233 2056 1597 2118 moeniorum—
1610 2070 1798 2139 parte,
1825 2076 1945 2137 qua
1987 2058 2175 2117 ruinoe
2202 2056 2355 2117 viam

141 2150 514 2229 aperiebant,
553 2150 616 2209 in
665 2152 871 2211 urbem
917 2162 1232 2231 penetrare
1282 2144 1659 2221 nitebantur3
1704 2153 1813 2213 sed
1852 2153 2083 2225 hostes,
2110 2170 2247 2213 curn
2277 2150 2355 2211 ob

142 2242 588 2307 multitudinem
613 2245 828 2326 integri
881 2245 1134 2307 subinde
1162 2246 1340 2307 sessis
1383 2246 1793 2321 succederent,
1818 2248 2158 2327 ducumque
2200 2266 2354 2327 prm-

142 2340 336 2400 sentia
391 2338 472 2402 ad
517 2342 720 2403 omnia
765 2340 1048 2404 audenda
1089 2343 1597 2420 continuarentur,
1640 2355 1878 2407 strenue
1924 2344 2356 2425 repugnabant.

146 2438 206 2496 8.
249 2437 418 2496 Luce
431 2455 542 2516 per
557 2437 722 2497 varia
747 2439 1072 2500 certamina
1091 2451 1427 2516 consumta,
1448 2461 1585 2504 cum
1614 2441 1829 2502 diurno
1849 2441 2050 2501 labore
2070 2440 2357 2520 fatigatos

26 2543 28 2556 ’
142 2531 353 2591 hostes
386 2531 670 2592 Memnon
701 2535 946 2612 segnius
969 2534 1276 2596 custodias
1293 2555 1473 2616 agere
1492 2538 1781 2611 crederet,
1800 2557 1939 2605 cum
1960 2534 2159 2598 valida
2175 2553 2356 2598 manu

145 2625 482 2706 prorumpit
505 2627 748 2708 oppido,
777 2629 1093 2710 ignemque
1142 2633 1418 2711 operibus
1466 2633 1673 2712 injicit.
1759 2633 1879 2694 Sed
1922 2631 2357 2694 Macedonibus

143 2721 222 2780 ad
249 2720 594 2782 incendium
615 2726 1124 2798 concurrentibus,
1151 2747 1286 2788 cum
1313 2728 1377 2788 hi
1404 2731 1749 2808 extinguere
1774 2729 2045 2789 flammas
2070 2746 2360 2788 conaren-

139 2826 257 2889 tur,
283 2816 380 2877 ini
420 2825 730 2897 augerent,
755 2830 818 2880 et
857 2819 1306 2900 prohibentibus
1334 2824 1453 2883 vim
1502 2825 1882 2895 intentarent,
1910 2841 2046 2882 acre
2092 2821 2360 2901 proelium

148 2923 426 2972 coortum
454 2925 589 2974 est:
634 2915 694 2974 9.
725 2915 954 2995 quippe
975 2915 1364 2990 Macedones,
1387 2919 1597 2978 robore
1622 2917 1856 2978 virtutis
1883 2925 1945 2975 et
1970 2915 2358 2978 assuetudine

148 3007 548 3086 periculorum
577 3009 758 3089 louge
781 3021 1138 3090 proestantes
1180 3012 1479 3084 hostibus,
1505 3029 1753 3072 numero
1779 3019 2186 3091 apparatuque
2214 3011 2358 3073 Per-

148 3121 350 3163 sarum
408 3104 806 3183 urgebantur:
870 3115 935 3166 et
975 3106 1116 3185 quia
1163 3105 1328 3166 haud
1379 3106 1591 3185 procul
1647 3104 1827 3164 muris
1876 3123 1971 3164 res
2026 3105 2361 3183 gerebatur,

149 3197 404 3259 ballistis
433 3199 875 3280 catapultisque
901 3219 1008 3280 per
1035 3201 1253 3262 moenia
1279 3199 1585 3282 dispositis
1612 3201 1843 3260 eminus
1870 3199 2142 3278 impetiti,
2172 3200 2363 3261 inulta

147 3293 398 3354 vulnera
435 3293 836 3374 accipiebant.
921 3297 1018 3354 10.
1059 3297 1248 3354 Atrox
1277 3297 1431 3356 inter
1458 3295 1591 3356 hoec
1628 3295 1925 3375 utrimque
1954 3294 2197 3369 clamor,
2224 3296 2362 3356 bor-

145 3389 402 3450 tantium
449 3407 618 3462 suos,
659 3388 1088 3470 increpantium
1133 3388 1440 3464 adversos,
1480 3401 1607 3450 tum
1654 3389 1987 3451 sauciorum
2016 3399 2079 3450 et
2104 3388 2361 3450 morien-

147 3485 290 3545 tium
319 3484 603 3564 gemitus,
629 3485 782 3545 inter
807 3497 1128 3546 nocturnas
1167 3488 1443 3546 tenebras
1490 3487 1691 3546 omnia
1734 3494 1955 3547 terrore
1982 3482 2361 3562 tumultuque

147 3579 582 3659 impleverant:
627 3581 1000 3658 augebantur
1040 3580 1171 3640 haec
1209 3581 1457 3642 vocibus
1500 3590 1716 3642 ceteras
1760 3577 2175 3648 multitudinis,
2200 3597 2361 3655 quoe,

149 3674 292 3736 dum
341 3674 448 3734 alii
499 3684 794 3754 pugnant,
837 3676 999 3755 operi
1039 3677 1288 3750 intenta,
1331 3677 1536 3748 muris,
1586 3676 1687 3755 qui
1729 3673 1909 3755 pulsu
1956 3670 2361 3733 machinarum

148 3778 520 3839 corruerant,
567 3769 918 3849 reparandis
961 3773 1385 3851 occupabatur.
1474 3773 1570 3832 ll.
1610 3769 1877 3830 Tandem
1920 3767 2112 3827 acrius
2160 3767 2357 3828 annisi

81 3889 90 3898 ·
153 3864 528 3924 Macedones
555 3863 790 3926 hostem
831 3864 988 3924 intra
1028 3867 1245 3926 moenia
1293 3865 1671 3945 redegerunt,
1697 3875 1939 3925 centum
1982 3861 2365 3940 septuaginta

157 3957 506 4032 interfectis,
535 3958 688 4022 inter
715 3977 868 4038 quos
896 3969 958 4022 et
985 3959 1457 4040 Neoptolemus?
1484 3961 1587 4039 qui
1628 3979 1762 4020 cum
1790 3960 2055 4036 Amynta
2076 3955 2255 4018 fratre
2281 3959 2361 4020 ad

221 4127 246 4162 b
279 4127 492 4180 Arriam.
516 4130 554 4180 Ι.
577 4131 614 4181 l.
1367 4129 1392 4165 ‘¹
1425 4128 1635 4184 Arriae.
1656 4129 1693 4180 1.
1716 4130 1751 4182 1.
1788 4125 1943 4184 Diod.
1966 4139 2112 4180 xvn.
2133 4139 2189 4196 p.
2211 4129 2328 4184 57η.

221 4209 246 4236 ⁸
277 4201 440 4256 Diod.
462 4204 494 4256 l.
520 4204 558 4258 Ι.
577 4203 861 4257 vitruv-x.
877 4207 962 4258 2⁰.
979 4211 1036 4257 et
1056 4207 1141 4259 81.
