2858 4782
892 840 1020 934 Q.
1127 839 1725 971 CURTII
1837 836 2238 927 RUFI

1022 1099 1217 1177 -DE
1286 1045 1643 1177 nunus
1711 1094 2082 1174 ersus

614 1274 1288 1423 ALEXANbRI
1376 1342 1706 1423 REGIS
1787 1337 2530 1420 MACEDONUM

1276 1596 1614 1676 LIBER
1691 1593 1875 1669 Vll.

1293 2099 1866 2150 ARGUMENTUM.

470 2273 602 2323 Cu.
636 2287 679 2322 1.
712 2271 1008 2324 Alexander
1026 2272 1329 2337 Lyncestes,
1344 2271 1634 2335 majestatis
1652 2284 1788 2335 reus,
1805 2270 2135 2323 interficitur.
2177 2271 2388 2324 Deinde
2409 2272 2466 2322 in
2483 2272 2686 2337 Amyn·

540 2360 644 2404 tam
669 2358 725 2404 et
748 2354 1009 2404 Simmiam
1031 2353 1261 2403 Philotae
1297 2352 1492 2402 amicos
1527 2350 1826 2417 inquiritur,
1859 2350 1948 2417 qni
1981 2365 2124 2402 suam
2157 2351 2509 2402 innocentiam
2533 2353 2690 2418 gravi

539 2435 773 2485 oratione
799 2441 1028 2485 tuentur.
1096 2448 1160 2486 ιι.
1192 2433 1423 2498 Amynta
1443 2440 1500 2482 et
1514 2431 1762 2482 fratribus
1779 2433 1830 2481 in
1847 2432 2068 2494 gratiam
2086 2431 2328 2497 receptis,
2344 2432 2688 2496 Polydamas,

540 2529 573 2562 a
606 2529 730 2576 rege
759 2514 955 2576 jussus,
1007 2515 1059 2564 in
1104 2513 1349 2586 Mediam·
1368 2513 1618 2563 celeriter
1651 2510 1936 2578 profectus,
1971 2512 2372 2563 Parmenionem
2409 2511 2694 2563 interficit.

538 2592 695 2641 Unde
713 2591 995 2655 indignatio
1020 2597 1076 2639 et
1097 2589 1304 2650 seditio,
1322 2603 1439 2654 quae
1465 2588 1672 2639 taudem
1695 2592 2034 2653 extinguitur.
2099 2605 2187 2642 m.
2219 2591 2526 2656 Agriaspas,
2549 2591 2688 2642 Ara-

538 2672 740 2721 chosios
756 2668 1187 2734 Parapamisadas
1210 2669 1308 2719 sub
1321 2669 1507 2733 jugum
1531 2669 1700 2720 mittit
1721 2669 2040 2732 Alexander,
2059 2681 2175 2722 cum
2197 2673 2436 2722 exercitu
2453 2673 2688 2737 Parapa-

538 2751 723 2800 misum
746 2755 977 2813 superat,
1013 2755 1070 2799 et
1100 2749 1153 2798 in
1189 2750 1302 2812 ejus
1334 2747 1598 2799 radicibus
1620 2748 1991 2800 Alexandriam
2015 2750 2214 2802 condit.
2279 2765 2363 2802 rv.
2395 2751 2595 2802 Bessus
2617 2753 2686 2802 de

536 2831 677 2881 bello
709 2831 957 2881 adversus
985 2830 1339 2880 Alexandrum
1375 2829 1516 2880 inter
1555 2831 1736 2895 epulas
1777 2831 2061 2894 consultat,
2096 2831 2428 2895 sapientique
2463 2831 2688 2882 cubaria

539 2911 759 2962 consilio
796 2911 1003 2962 minime
1036 2911 1341 2976 acquiescit.
1412 2910 1634 2961 Interim
1657 2925 1748 2960 rex
1770 2911 1966 2960 Bactra
1989 2912 2249 2975 pervenit,
2271 2912 2358 2961 nbi
2380 2911 2448 2960 de
2471 2913 2692 2963 Graeeo-

536 3005 651 3040 rnm
674 2989 965 3041 defectione
998 2999 1055 3040 et
1082 2990 1423 3042 Satibarnne
1451 2990 1701 3054 singulari
1723 2990 2009 3041 certamine
2040 2992 2212 3041 occiso
2233 2992 2448 3042 advenit
2459 2994 2532 3042 ·ei
2553 3007 2686 3042 nun-

541 3072 659 3121 tius.
724 3085 779 3120 v.
812 3071 1089 3121 Exercitus
1113 3069 1421 3131 Alexandri,
1445 3069 1531 3120 siti
1553 3069 1825 3134 liberatus,
1845 3070 2038 3120 Oxlum
2057 3085 2258 3121 amnem
2281 3071 2502 3135 trajicit.
2555 3073 2690 3121 Bes·

540 3165 628 3201 sus
659 3151 779 3200 dolo
812 3157 997 3215 captus
1021 3152 1088 3201 ad
1120 3149 1475 3201 Alexandrum
1499 3149 1794 3201 adducitur.
1859 3150 1909 3200 A
1931 3165 2036 3215 quo
2059 3150 2210 3200 Darii
2235 3149 2407 3214 fratri,
2433 3149 2687 3214 Oxathri,

540 3229 924 3294 crucifigendus
962 3231 1203 3282 traditur.
1272 3246 1349 3282 vr.
1381 3231 1642 3296 Sogdiaua
1664 3231 1926 3296 subigitur
1961 3238 2019 3282 et
2051 3231 2248 3294 deficit,
2313 3231 2596 3295 Cyropolis
2627 3239 2687 3282 et

540 3311 657 3361 alim
679 3310 837 3360 urbes
857 3317 1242 3374 expugnantur.
1308 3311 1630 3363 Alexandria
1650 3312 1714 3362 ad
1737 3312 1950 3363 Tanaim
1973 3311 2232 3363 conditur.
2295 3326 2400 3363 vn.
2434 3313 2519 3362 De
2540 3313 2684 3366 bello

538 3391 741 3456 Scythis
772 3388 1045 3440 inferendo
1087 3390 1390 3442 Alexander
1429 3406 1570 3455 anger
1609 3407 1676 3442 ex
1709 3393 1924 3442 vulnere
1958 3407 2074 3443 cum
2117 3392 2223 3441 suis
2251 3391 2351 3442 init
2386 3395 2682 3443 consilium.

540 3471 855 3524 Aristander
876 3479 1023 3522 vates
1046 3472 1184 3536 regis
1210 3473 1461 3522 voluntati
1483 3479 1724 3522 extorum
1746 3471 2098 3523 accommodat
2115 3472 2429 3535 significata.
2497 3475 2686 3524 Mene-

540 3555 721 3604 demus
762 3567 793 3603 a
816 3553 1113 3618 Spitamene
1136 3567 1251 3602 cum
1286 3551 1488 3602 duobus
1525 3564 1588 3602 n.
1627 3559 1684 3602 et
1717 3564 1832 3603 ccc.
1863 3551 2118 3616 equitibus
2153 3551 2503 3602 interficitur:
2543 3555 2682 3618 quod

541 3633 729 3684 callide
767 3631 1043 3683 admodum
1082 3632 1376 3682 dissimulat
1399 3631 1719 3682 Alexander.
1785 3644 1915 3682 vm.
1947 3632 2088 3681 Dum
2111 3632 2376 3682 exercitus
2397 3631 2462 3682 ad
2487 3634 2684 3683 bellurn

542 3713 853 3776 accingitur,
876 3713 1181 3778 Scytharum
1209 3713 1368 3777 iegati
1405 3711 1711 3768 adveniunt,
1747 3725 1812 3759 ac
1848 3709 1912 3759 de
1947 3723 2075 3774 pace
2098 3709 2164 3760 ad
2188 3709 2545 3762 Alexandrum
2566 3727 2683 3762 ora-

542 3795 733 3844 tionem
757 3792 966 3843 habent.
1034 3805 1114 3842 rx.
1146 3790 1450 3842 Alexander
1483 3793 1674 3856 legatis
1713 3791 1932 3843 dimissis
1967 3791 2180 3841 Tanaim
2214 3790 2447 3855 trajicit:
2485 3792 2684 3842 bellum

540 3873 742 3939 Scythis
782 3871 975 3923 infert:
1011 3882 1067 3923 et
1100 3887 1219 3924 cum
1254 3873 1404 3923 victis
1437 3871 1659 3936 benigne
1695 3871 1818 3934 agit.
1887 3871 2046 3922 Sacas
2068 3885 2125 3920 se
2154 3869 2410 3921 dedentes
2443 3871 2498 3920 in
2519 3871 2682 3922 fidem

541 3953 765 4016 recipit;
798 3953 1149 4016 Spitameuem
1189 3951 1532 4018 persequitur.
1600 3964 1655 4000 x.
1701 3949 1964 4014 Sogdiana
1999 3957 2327 4014 recuperata.
2390 3951 2684 4016 Sogdiano·

544 4047 657 4082 rum
700 4033 949 4084 nobilium
988 4035 1210 4084 invictus
1248 4034 1462 4083 animus.
1528 4031 1680 4081 Bessi
1719 4031 2046 4096 supplicium.
2113 4029 2264 4080 Novo
2289 4031 2456 4082 milite
2495 4041 2683 4082 auctus

545 4109 831 4162 Alexandri
856 4115 1134 4164 exercitus.
1202 4115 1373 4164 Urbes
1415 4112 1663 4164 condite.
1731 4125 1813 4164 xx.
1847 4111 2102 4162 Arimaao
2133 4117 2304 4176 petra,
2325 4111 2432 4161 situ
2471 4119 2684 4162 natura-

546 4205 645 4256 que
672 4191 769 4240 loci
786 4190 897 4242 fere
924 4193 1353 4258 inexpugnabilis,
1375 4195 1442 4245 ab
1462 4193 1757 4244 Alexandro
1774 4191 1997 4258 capitur.
