2858 4782
529 331 576 396 2
733 347 744 364 ⁸
1435 343 1818 394 nmsrons.

619 487 795 554 Haec
843 503 1006 552 vero
1053 482 1422 552 Alexandri
1464 503 1667 568 quam
1716 503 1852 549 non
1900 481 2263 553 dissimilia
2305 491 2479 557 sorti
2527 495 2715 560 tuae!

531 590 832 656 Heroum
859 588 1065 672 stirpe
1091 586 1306 652 fuisse
1345 593 1786 671 prognatum3
1842 593 2183 671 parentatu
2223 589 2715 680 habuissenon

529 691 612 756 dc
659 689 1130 775 amplificando
1174 687 1390 770 mag-is
1440 687 1755 771 imperio,
1794 707 1997 770 quam
2047 687 2133 754 de
2176 690 2317 757 filio
2360 692 2715 761 educando

527 790 903 870 solicitum3
962 790 1031 854 in
1088 791 1362 853 aetatem
1405 785 1749 865 incidisse,
1792 787 2207 870 Ingeniorum
2256 803 2589 874 preventu
2640 808 2715 862 et

526 893 818 956 omnium
893 891 1130 955 artium
1201 887 1611 970 perfectione
1672 887 2148 970 clarissimam
2221 891 2390 956 inter
2446 894 2715 977 palmas

525 993 1026 1077 triumphosque
1065 988 1304 1072 patris,
1337 995 1412 1052 et
1451 987 1851 1053 incrementa
1876 991 2059 1072 regni
2090 990 2514 1059 Macedonici
2544 997 2715 1062 ado-

522 1093 810 1172 levisse3
853 1091 1136 1156 bellicos
1161 1088 1344 1154 illius
1371 1089 1638 1154 labores
1665 1089 2038 1155 mitioribus
2066 1093 2490 1158 aemulautem
2516 1096 2711 1162 labo·

523 1193 730 1271 ribus,
760 1201 834 1258 et
861 1191 1014 1256 orbi
1041 1190 1380 1274 quondam
1429 1189 1716 1273 regendo
1766 1197 1951 1256 certa
2000 1192 2320 1276 praesidia
2351 1192 2709 1262 Musarum

521 1293 592 1357 in
619 1283 775 1357 sinn
805 1298 1315 1375 comparentem.

609 1391 873 1458 Similia
903 1392 1043 1456 tuis
1081 1391 1230 1456 haec
1260 1391 1432 1471 dixi,
1461 1411 1590 1458 non
1617 1395 1828 1478 paria.
1914 1393 2088 1472 Quis
2129 1396 2306 1459 enim
2355 1395 2707 1484 Ludovico

520 1491 775 1576 Magno
810 1492 1222 1578 Philippum,
1259 1487 1433 1576 quis'
1458 1491 1709 1559 Galliae
1758 1493 2231 1561 Macedoniam
2284 1497 2703 1578 aequaverit?

517 1591 654 1660 Sed
683 1598 936 1678 quanto
987 1593 1142 1658 haec
1191 1593 1322 1658 tibi
1365 1594 1633 1676 potiora
1685 1595 2008 1677 obtigisse
2055 1613 2257 1677 quam
2313 1593 2708 1664 Alexandro

515 1695 788 1774 senties,
831 1715 988 1779 qum
1030 1699 1266 1759 natura
1311 1714 1598 1777 quaeque
1642 1695 1908 1761 fortuna
1954 1698 2289 1760 concessit
2334 1696 2705 1779 hactenus3

515 1803 707 1860 tanto
752 1796 996 1874 acrius,
1024 1795 1180 1860 dum
1223 1797 1368 1860 hoec
1427 1794 1632 1878 leges,
1680 1795 1924 1862 enitere
1968 1795 2239 1862 scilicet
2283 1797 2509 1861 omnia
2552 1798 2705 1881 ejus

514 1895 762 1960 decora
785 1915 919 1960 nou
947 1895 1220 1977 assequi
1250 1893 1477 1970 modo,
1505 1893 1625 1958 sed
1656 1895 1960 1960 vincere:
2004 1899 2099 1973 ut,
2133 1901 2365 1960 contra
2389 1916 2589 1979 quam
2618 1899 2705 1962 de

511 1995 632 2061 illo
662 1995 1004 2080 proditum
1033 2000 1158 2072 est,
1187 1993 1575 2060 felicitatem
1608 2001 1798 2058 tuam
1826 1994 2081 2078 majore
2108 2013 2197 2058 ex
2226 2003 2415 2079 parte
2445 1996 2702 2076 virtuti,

512 2115 715 2180 quam
742 2095 1050 2172 fortunoe,
1081 2093 1398 2160 debuisse
1429 2102 1499 2160 te
1532 2093 1887 2177 posteritas
1915 2093 2251 2176 praedicet.

599 2195 669 2260 N
671 2216 751 2261 ec
781 2215 968 2274 vero,
1007 2195 1078 2259 id
1111 2200 1188 2259 ut
1216 2199 1520 2278 praestes,
1549 2193 1857 2258 fabulosa
1886 2194 2015 2259 tibi
2046 2200 2165 2258 aut
2201 2193 2561 2280 longinqua
2583 2197 2702 2261 Li-

510 2296 676 2374 beri,
709 2295 1051 2374 Herculis,
1083 2296 1157 2360 et'
1185 2293 1475 2359 Achillis
1521 2292 1839 2376 exempla
1867 2294 1956 2357 ob
1986 2294 2224 2358 oculos
2258 2295 2591 2378 ponenda,
2620 2305 2702 2362 ut

508 2396 673 2462 olim
725 2395 1136 2475 Alexandro,
1185 2396 1466 2461 fuerint:
1516 2396 1636 2479 qui
1678 2391 2120 2460 domesticum
2164 2402 2236 2460 et
2284 2414 2581 2478 praesens
2630 2399 2707 2463 iu·

509 2498 996 2577 augustissimo
1026 2502 1298 2583 parente
1335 2496 1593 2560 habeas
1643 2494 1995 2560 Ludovico
2038 2494 2308 2577 Magno.
2396 2495 2557 2561 Hoc
2600 2498 2703 2561 in-

507 2603 732 2675 tuens,
779 2616 1006 2663 carere
1055 2596 1302 2663 ceteris
1349 2601 1569 2679 potes.
1654 2594 1858 2659 Illum
1902 2595 2127 2659 mirari
2174 2614 2257 2660 ac
2306 2594 2699 2691 praedicare‚

505 2696 806 2762 omnium
851 2703 989 2763 est:
1050 2698 1300 2762 imitari
1340 2702 1691 2779 praeterea,
1740 2702 1947 2761 tuum.
2034 2696 2271 2779 Hujus
2316 2696 2705 2763 aemulando

504 2794 780 2877 gloriam
807 2798 1210 2877 cumulabis,
1239 2816 1372 2861 non
1393 2796 1676 2861 minues.
1764 2795 1967 2859 Hanc
1995 2796 2112 2860 ille
2136 2815 2265 2861 suo
2291 2796 2359 2859 in
2388 2800 2455 2859 te
2482 2801 2701 2864 amori

501 2895 722 2961 vicem
752 2896 1053 2981 rependi,
1082 2897 1214 2962 hoc
1245 2896 1389 2961 suis
1441 2895 1797 2962 virtutibus
1840 2895 2133 2978 elogium
2178 2896 2483 2961 adornari
2520 2916 2563 2961 a
2600 2902 2699 2976 te,

504 3014 630 3077 pro
663 3013 790 3059 suo
810 2994 964 3077 jure
993 2996 1326 3078 postulat.

589 3092 744 3158 Nec
774 3099 1020 3173 tamen,
1048 3096 1109 3159 si
1137 3113 1306 3160 unus
1345 3094 1472 3160 tibi
1515 3092 1903 3159 Ludovicus
1947 3094 2248 3159 omnium
2289 3096 2506 3159 instar
2542 3114 2701 3161 esse

501 3198 751 3277 potest,
805 3192 970 3259 nihil
1021 3200 1375 3279 propterea
1429 3194 1795 3278 voluptatis
1850 3200 1969 3260 aut
2020 3194 2281 3259 fructus
2338 3214 2429 3259 ex
2468 3194 2697 3281 hujus

502 3290 874 3359 Alexandri
927 3299 1212 3379 aspectu
1263 3295 1534 3379 capies:
1576 3294 1727 3359 sive
1772 3292 2057 3359 alterum
2094 3294 2165 3358 in
2193 3293 2423 3372 altero,
2449 3296 2593 3373 sive
2620 3297 2705 3361 in

501 3398 882 3474 utroque'te
910 3394 1348 3483 contemplari
1392 3392 1708 3459 volueris.
1794 3392 1901 3459 Ita
1928 3392 2047 3459 fiet
2086 3400 2169 3457 ut
2198 3394 2271 3458 iu
2296 3391 2697 3463 Alexandro

503 3489 760 3574 Magno
805 3492 1223 3559 Ludovicnm
1277 3492 1599 3577 Magnum
1639 3494 1904 3573 intueri,
1958 3512 2208 3574 amare,
2256 3500 2327 3561 et
2366 3500 2695 3563 assectari

502 3591 756 3657 discas.
1978 3622 1983 3629 ·
2694 3656 2702 3659 .

584 3690 634 3757 J
635 3712 768 3771 am,
795 3694 976 3761 sicut
1000 3694 1130 3759 hoc
1167 3712 1440 3777 quoque
1484 3694 1573 3759 ad
1618 3700 1907 3759 ceteram
1953 3694 2103 3779 ejus
2143 3694 2533 3762 felicitatem
2574 3715 2695 3761 ac-

500 3795 732 3871 cessit,
757 3799 856 3872 ut,
881 3792 1182 3861 Curtium
1202 3801 1444 3859 nactus
1474 3813 1686 3861 rerum
1711 3812 1977 3859 suarum
2003 3812 2403 3877 praeconem,
2424 3795 2695 3887 Home-

499 3912 646 3958 rum
675 3890 928 3962 Achilli
959 3895 1138 3963 haud
1166 3913 1567 3980 magnopere
1600 3894 1895 3961 invidere
1925 3896 2211 3980 amplius
2242 3896 2533 3979 debeat3
2588 3900 2695 3965 ita

500 4011 587 4057 ne
614 3992 686 4057 in
713 3992 842 4059 hoc
870 3996 1138 4079 quidem
1185 3996 1511 4081 imparem
1552 4002 1621 4062 te
1650 3992 2045 4063 Alexandro
2070 3996 2216 4062 fore
2262 3997 2687 4065 confidimus.

505 4091 708 4158 Facis
739 4094 917 4161 enim
948 4095 1053 4160 vel
1085 4097 1403 4181 exemplo
1452 4104 1592 4175 tuo,
1624 4095 1729 4161 vel
1779 4115 2001 4163 amore
2050 4100 2123 4165 in
2163 4100 2420 4178 literas,
2444 4107 2521 4166 ut
2538 4100 2689 4184 jam
