2858 4782
645 386 908 438 surm..
953 387 1032 436 tu
1083 389 1152 450 Q.
1201 387 1553 438 oua‘rnuu
1604 389 1751 439 mn.
1796 399 1850 450 1.
2258 379 2349 444 71.

147 547 328 608 supra
353 540 504 588 erat.
584 528 744 590 Nam
771 548 906 590 cum
935 539 1096 591 esset
1114 529 1314 590 laudis
1341 530 1743 605 avidissimus,
1780 551 1903 594 non
1932 531 2347 612 undecumque

147 643 276 684 earn
305 622 648 698 affectabat,
677 623 784 684 sed
811 625 1050 705 optimis
1077 625 1414 706 quibusque
1458 626 1785 708 comparari
1827 627 2129 708 gaudebat
2158 641 2217 690 :¹²
2258 629 2351 688 in·

150 719 396 798 gloriam
426 739 502 780 ex
531 719 743 780 vilibus
771 721 1032 801 palmam
1055 721 1420 800 intelligens,
1448 733 1735 804 tantoque
1762 724 2137 788 illustriorem
2158 728 2347 788 victo·-

147 815 314 886 riam‚
341 807 572 894 quanto
599 835 752 895 quos
781 815 1024 878 vicisset
1050 817 1232 896 pluris
1279 816 1655 879 haberentur.
1744 823 1839 880 17.
1888 821 2051 901 Ergo
2094 821 2347 882 dicenti-

149 911 280 980 bus,
324 917 341 944 ‘
365 911 648 989 quoniam
691 932 870 972 cursu
915 912 1227 992 plurimum
1273 911 1513 986 valeret,
1563 913 1781 978 debere
1826 917 2089 996 profiteri
2133 935 2357 978 nomen

150 1025 322 1066 suum
367 1007 522 1066 inter
558 1026 684 1079 eos,
723 1009 826 1088 qui
875 1008 1206 1090 Olympicis
1237 1009 1392 1070 ludis
1419 1011 1699 1072 certaturi
1725 1025 1951 1086 essent,
1976 1013 2363 1094 cognominis·

149 1101 256 1161 sibi
279 1103 440 1181 regis
461 1104 734 1183 exemplo
751 1125 770 1174 ς
788 1109 813 1134 ⁰
855 1125 1133 1186 magnam
1159 1125 1234 1166 ea
1260 1125 1324 1166 re
1351 1127 1456 1186 per
1478 1106 1775 1170 Groeciam
1806 1109 1915 1170 sibi
1942 1110 2163 1174 sarnam
2186 1127 2353 1170 com·

147 1209 490 1274 paraturum
514 1199 550 1260 ε’
601 1197 972 1273 ‘'Facerem:
1009 1202 1220 1282 inquit,
1263 1209 1280 1237 ⁴
1307 1203 1358 1260 si
1405 1222 1577 1282 reges
1618 1203 1895 1266 haberem
1940 1204 2361 1268 adversarios.’⁸

155 1296 244 1352 18.
305 1293 558 1362 Quoties
609 1305 715 1355 aut
766 1295 1054 1375 praeclara
1097 1297 1300 1376 aliqua
1343 1317 1546 1378 pugna
1602 1299 1911 1382 Philippus
1954 1300 2195 1374 vicerat,
2247 1311 2355 1360 aut

149 1388 436 1468 oppidum
486 1391 834 1470 opulentum
881 1392 944 1452 in
991 1402 1354 1471 potestatem
1397 1393 1743 1473 redegerat;
1797 1395 2137 1458 loetantibus
2194 1395 2349 1465 aliis,

146 1487 272 1562 ipse
305 1484 472 1554 haud
502 1487 750 1548 obscure
788 1487 1200 1549 indolescebat
1225 1507 1242 1548 ε
1263 1511 1290 1548 r
1329 1501 1701 1569 exceptaque
1748 1510 1865 1550 vox
1910 1503 2007 1552 est
2050 1492 2353 1572 querentis

147 1581 300 1642 inter
328 1583 618 1662 oequales‚
660 1589 678 1618 ‘
701 1583 846 1644 nihil
873 1584 1086 1664 reliqui
1118 1584 1412 1644 facturum
1454 1595 1679 1664 patrem
1730 1587 1841 1646 sibi
1890 1586 2175 1666 ipsisque,
2216 1605 2354 1648 cum

146 1677 554 1748 adolevissent
575 1679 614 1740 ε’
651 1680 873 1760 quippe
922 1679 1322 1760 deperiturum
1344 1678 1551 1758 glorioe
1581 1682 1911 1752 verebatur,
1939 1679 2223 1760 quicquid
2251 1699 2359 1740 ac-

147 1776 434 1836 cessisset
460 1777 674 1855 opibus
697 1796 718 1836 t
743 1795 856 1838 nec
873 1786 997 1836 tam
1021 1775 1226 1836 harum
1247 1775 1646 1858 possessione,
1674 1795 1851 1856 quam
1878 1776 2053 1838 istius
2073 1776 2355 1856 cupidine

147 1874 515 1934 movebatur.
593 1875 688 1934 19.
729 1873 936 1934 Somni
965 1882 1175 1933 natura
1201 1872 1605 1952 parcissimus,
1630 1873 1809 1934 etiam
1836 1884 1961 1934 arte
1986 1870 2355 1952 vigilantiam

149 1969 518 2048 adjuvabat:
561 1970 612 2030 si
653 1969 796 2049 quid
841 1969 1220 2042 occurrisset,
1263 1969 1426 2049 quod
1478 1969 1632 2030 seria
1671 1968 2057 2030 meditatione
2104 1969 2355 2049 dignum

147 2065 484 2134 videntum
529 2065 958 2146 comprehensa
991 2065 1120 2158 pila
1165 2070 1498 2144 argentea?
1552 2064 1857 2126 brachium
1912 2075 2081 2126 extra
2130 2063 2355 2126 lectum

149 2161 510 2242 porrigebat,
525 2173 595 2222 ut
613 2162 674 2222 in
691 2163 1018 2243 subjectam
1033 2161 1495 2242 pelvimillapsa,
1514 2162 1773 2224 excitato
1803 2162 2026 2233 sonitu,
2056 2172 2353 2241 torporem

149 2263 206 2318 in
257 2279 538 2320 somnum
578 2259 912 2322 deficientis
956 2259 1300 2322 discuteret.
1401 2261 1505 2319 20.
1562 2258 1731 2320 Deos
1772 2259 1849 2318 ab
1888 2258 2131 2318 ineunte
2174 2267 2357 2318 oetate

148 2355 464 2437 magnifice
493 2355 718 2417 coluit.r
798 2357 982 2419 Sacro
1009 2354 1272 2436 quodam
1307 2353 1393 2417 ita
1421 2353 1740 2417 liberaliter
1768 2353 1941 2417 thura
1968 2353 2221 2415 flammis
2260 2355 2355 2415 in-

150 2452 306 2525 tulit,
333 2464 404 2513 ut
433 2453 750 2526 Leonidas,
775 2455 862 2515 vir
897 2472 1142 2515 severus
1195 2463 1258 2513 et
1291 2471 1530 2533 parcus,
1572 2451 1973 2533 profusionem
2016 2451 2193 2511 istam
2230 2469 2355 2511 nou

149 2550 374 2621 serens,
419 2549 801 2623 exclamaret,
846 2558 864 2586 ‘
894 2550 1002 2611 sic*
1023 2548 1314 2622 adolebis,
1359 2569 1495 2611 cum
1545 2549 1818 2629 regiones
1868 2548 2199 2627 subegeris,
2250 2546 2355 2611 ubi

149 2645 278 2705 haec
328 2646 700 2707 nascuntur!
783 2648 883 2709 21.
925 2645 1114 2725 Cujus
1143 2646 1307 2707 vocis
1336 2664 1581 2719 memor,
1610 2664 1747 2723 cum
1776 2654 1989 2724 postea
2013 2642 2357 2711 thuriferam

149 2742 434 2801 Arabiam
473 2751 736 2819 pacaret,
763 2742 950 2801 multa
974 2743 1224 2802 odorum
1251 2740 1480 2803 talenta
1508 2741 1671 2803 misit
1698 2740 2001 2813 Leonidae,
2020 2758 2155 2799 cum
2185 2758 2355 2799 man-

149 2836 328 2908 datis,
369 2845 390 2872 ‘
423 2856 500 2897 ne
523 2837 774 2916 posthac
799 2838 856 2897 in
885 2837 1148 2899 Deorum
1171 2837 1495 2899 honoribus
1516 2836 1808 2897 astrictior
1828 2854 1963 2895 esse
1982 2834 2181 2906 vellet,
2201 2852 2353 2913 quos
2392 2914 2399 2919 ·

149 2931 510 3013 intelligeret
533 2933 698 2993 dona
726 2932 989 2993 hilariter
1015 2933 1219 2995 oblata
1245 2942 1368 2993 tam
1405 2932 1575 3011 larga
1600 2949 1781 2991 manu
1806 2927 2171 3008 rependere!
2254 2930 2353 2988 22.

149 3030 344 3089 Animi
373 3028 646 3089 sublimis
673 3040 735 3088 et
761 3048 980 3109 magna
1005 3027 1276 3089 conaturi
1293 3026 1656 3089 documenta
1676 3036 1904 3088 mature
1924 3024 2113 3085 dedit.
2155 3023 2353 3086 Persis

149 3144 220 3185 ea
271 3135 630 3204 tempestate
687 3126 1065 3196 Artaxerxes,
1119 3134 1518 3204 cognomento
1577 3124 1805 3197 Ochus,
1846 3126 2117 3205 pruverat.
2202 3120 2355 3183 Eum

151 3220 481 3281 Artabazus
523 3230 588 3279 et
633 3216 908 3298 Menapis
956 3231 1235 3299 satrape,
1283 3214 1693 3296 Memnonque
1735 3218 2031 3291 Rhodius,
2078 3217 2355 3297 egregius

153 3314 294 3387 dux,
341 3314 506 3375 bello
553 3314 1049 3383 laeessiverant3⁸
1105 3312 1214 3375 sed
1259 3311 1531 3395 potentia
1576 3315 1733 3393 regis
1786 3315 2076 3395 oppressi,
2118 3314 2358 3375 deserta

103 3404 112 3414 “
153 3410 296 3471 Asia
317 3410 396 3471 ad
419 3410 758 3493 Philippum
787 3412 1192 3493 profugerant.
1277 3414 1379 3475 23.
1422 3412 1535 3473 His
1562 3422 1686 3473 tum
1714 3410 2053 3473 Alexander
2080 3408 2357 3489 septenni

151 3506 340 3567 minor
366 3508 514 3570 mire
537 3505 980 3577 delectabatur;
1009 3509 1338 3588 crebroque
1359 3507 1439 3569 de
1456 3509 1634 3568 rebus
1656 3506 1913 3569 Persicis
1932 3505 2357 3583 interrogabat,

153 3602 296 3663 nihil
319 3603 568 3683 quidem
595 3604 822 3683 puerile
843 3615 906 3667 et
925 3604 1252 3677 sordidum,
1273 3604 1382 3665 sed
1410 3608 1428 3639 ‘
1454 3604 1669 3683 quibus
1698 3604 1946 3663 maxime
1974 3600 2355 3661 firmamentis

153 3718 296 3778 opes
343 3700 530 3781 regiae
573 3700 978 3764 niterentur‘it
1019 3702 1154 3781 quis
1195 3720 1489 3762 armorum
1537 3720 1703 3775 usus,
1736 3720 1875 3779 quse
1918 3695 2168 3759 audacia
2196 3694 2358 3767 viris,

211 3854 238 3878 ¹
259 3844 406 3896 mut.
421 3844 573 3896 Alex.
595 3860 650 3910 p.
669 3850 788 3897 666.
850 3846 935 3898 Id.
969 3846 1037 3897 de
1071 3848 1214 3897 Fert.
1357 3852 1377 3880 ¹'
1398 3846 1540 3899 Plin.
1556 3845 1841 3897 Hist.Nat.
1865 3856 1969 3893 xn-
1996 3846 2072 3892 14.
2098 3844 2177 3891 17.
2210 3838 2362 3893 Plut-

151 3924 306 3973 Alex.
327 3935 368 3974 ι.
388 3925 471 3973 18.
489 3920 762 3989 Apophth.
777 3926 861 3974 ⁸6.
881 3922 1143 3975 Herodot.
1159 3937 1216 3974 v.
1293 3922 1451 3974 Alex.
1483 3939 1533 3989 p.
1551 3926 1671 3973 679.

149 4004 232 4052 ²2·
1007 4010 1016 4021 ·
1356 4007 1376 4032 ⁸
1405 3997 1686 4051 Diod.8ic.
1706 4008 1826 4047 xvr.
1847 4009 1900 4060 p.
1915 3998 2029 4046 ⁵³⁶1.
2044 4006 2189 4059 seqq.
2206 3992 2357 4046 curt.

211 4082 238 4109 ⁰
257 4076 400 4129 Just.
425 4088 526 4126 vn.
545 4079 596 4125 2.
618 4078 701 4126 u.
1151 4094 1158 4101 ·
1295 4090 1374 4129 vr.
1395 4081 1447 4127 Δ.
1462 4081 1549 4127 26.

213 4164 242 4197 ν
261 4156 404 4205 Plut.
423 4154 576 4205 Alex.
593 4150 1056 4221 p.ooo.Apophth.
1073 4156 1212 4205 cdo.
1355 4156 1374 4186 ⁸
1409 4152 1553 4202 Plut.
1578 4148 1729 4201 Alex.
1745 4164 1799 4213 p.
1818 4152 1933 4199 666.

211 4240 238 4273 ⁴¹
263 4230 520 4281 Ammtan.
547 4234 846 4287 Marcellin.
867 4246 986 4285 xvi.
1005 4239 1055 4284 6.
