2858 4782
491 285 580 354 96
1276 299 1334 349 s.
1381 299 1888 350 rnssiusnsmr

487 451 638 512 tum,
683 459 858 518 quem
915 438 1222 517 Philippus
1275 447 1739 515 comparaverat,
1784 437 2101 502 retineret;
2162 434 2370 515 raptim
2420 435 2683 496 exercitu

491 535 673 594 ducto
728 534 1091 592 Thessaliam
1159 531 1510 609 improvisus
1578 532 1801 610 irrupit.
1882 533 1945 591 2.
2008 531 2387 592 Sustulerant
2412 531 2687 612 „animos

490 627 906 688 Thessalorum
935 626 1197 706 quidam,
1225 636 1285 684 et
1313 626 1561 684 insessis
1606 625 1683 684 ad
1712 627 1933 702 Tempe
1962 625 2251 703 angustiis
2297 625 2409 684 iter
2436 645 2511 684 ex
2554 625 2689 684 Ma-

491 723 742 784 cedonia
768 722 1022 780 venienti
1062 719 1477 780 occludebant.
1562 723 1619 780 3.
1664 720 1901 798 Quippe
1942 739 2045 778 eas
2092 720 2363 797 regiones
2392 719 2687 798 Olympus

491 828 669 895 atque
717 816 878 876 Ossa
917 815 1197 876 celebrati
1241 825 1471 874 montes
1520 816 1802 874 dirimunt
1827 835 1842 874 ι
1864 823 1889 848 ⁸
1948 834 2053 893 per
2094 835 2343 892 quorum
2384 815 2689 875 convalles

489 912 724 972 Peneus
765 911 952 970 amnis
992 911 1229 983 labitur,
1265 910 1414 972 mira
1454 912 1796 970 amoenitate
1846 909 2119 970 solennia.
2162 911 2354 987 gentis
2398 909 2695 971 sacrificia.

488 1007 752 1067 meritus.
832 1006 1011 1066 Laetis
1039 1006 1330 1083 utrimque
1362 1006 1701 1064 nemoribus
1750 1005 2133 1065 obumbratus
2162 1003 2423 1071 incedit;
2468 1005 2690 1076 multo-

489 1119 606 1177 que
635 1120 772 1160 cum
813 1101 1046 1160 fremitu
1091 1099 1300 1172 ruenti,
1329 1118 1402 1158 ex
1429 1098 1639 1158 vicinis
1690 1099 1993 1158 arboribus
2026 1097 2388 1158 avicularum
2432 1100 2687 1176 garritus

489 1196 795 1276 obstrepit.
875 1200 935 1255 4.
977 1197 1256 1273 Angusta
1309 1195 1525 1254 semita
1564 1214 1668 1272 per
1718 1195 1977 1272 quinque
2008 1193 2129 1252 fere
2173 1193 2359 1254 millia
2400 1211 2685 1284 passuum

488 1290 902 1369 protenditur,'²
928 1291 1026 1350 vix
1069 1299 1286 1348 onusto
1329 1289 1602 1367 jumento
1652 1289 1953 1349 sufficiens
2002 1289 2113 1348 iter
2164 1289 2437 1365 praebens
2463 1309 2483 1346 ι
2524 1291 2689 1369 quod

487 1381 770 1443 adversus
813 1403 1244 1464 quemcumque
1267 1401 1573 1442 numerum
1620 1383 1925 1442 hominum
1951 1383 2047 1442 vel
2092 1383 2297 1444 decem
2338 1385 2553 1447 armati
2596 1405 2693 1445 se·

487 1478 675 1556 piant.
760 1483 820 1540 5.
863 1479 984 1538 Sed
1013 1479 1113 1538 ille
1140 1497 1260 1558 qua
1287 1479 1525 1538 minime
1550 1478 1769 1558 perviae
1816 1497 1994 1557 rupes
2022 1478 2532 1550 existimabantur,
2564 1500 2693 1540 sca-

489 1573 676 1634 larum
706 1573 765 1632 in
793 1573 1034 1634 modum
1079 1573 1282 1634 exciso
1303 1581 1325 1608 ⁰
1349 1573 1567 1632 montis
1614 1573 1789 1633 Ossae
1829 1573 2038 1645 latere,
2064 1572 2375 1632 circumitu
2412 1583 2689 1649 penetra-

488 1669 608 1736 vitg
651 1669 919 1749 adeoque
945 1667 1248 1728 celeritate
1293 1686 1405 1727 sua
1446 1677 1695 1728 cunctos
1742 1666 2039 1742 exterruit,
2066 1675 2135 1726 ut
2160 1673 2177 1701 ‘
2198 1667 2401 1726 omnia
2424 1667 2481 1726 ei
2512 1671 2691 1730 vecti-

490 1763 650 1840 galia
675 1762 1040 1842 reditusque,
1072 1761 1247 1821 simul
1275 1762 1569 1821 universoe
1598 1762 1791 1840 gentis
1832 1762 2161 1842 imperium,
2188 1761 2405 1838 quibus
2446 1761 2515 1821 id
2542 1764 2690 1843 legi-

485 1857 600 1916 bus
650 1857 958 1936 Philippus
1010 1856 1356 1926 habuisset,'
1399 1856 1567 1916 nullo
1599 1856 1727 1935 jam
1774 1867 2141 1936 repugnante
2183 1855 2693 1918 decernerentur.‘²

489 1951 551 2010 6.
591 1949 916 2022 Phthiam,e
939 1969 1076 2028 quae
1101 1949 1335 2027 generis
1364 1949 1457 2008 sui
1484 1961 1787 2012 auctorem
1816 1950 2105 2010 Achillem
2135 1957 2152 1984 ‘
2180 1949 2555 2028 protulisset,
2582 1952 2690 2012 im-

487 2062 729 2103 munem
757 2063 890 2103 esse
908 2043 1124 2122 jussit:
1168 2063 1420 2122 eumque
1448 2044 1688 2104 heroem
1717 2044 2111 2124 expeditionis
2152 2041 2437 2102 adversus
2468 2045 2690 2108 Persas

488 2139 716 2198 socium
765 2149 944 2220 atque
985 2137 1443 2200 commilitonem
1492 2139 1709 2218 eligere
1758 2161 1825 2201 se
1848 2141 1867 2168 ⁹
1892 2139 2061 2199 dixit.
2146 2140 2203 2196 7.
2250 2139 2341 2198 Ex
2377 2139 2697 2202 Thessalia.

488 2232 911 2312 Thermopylas
939 2231 1127 2312 petiit,
1151 2232 1453 2310 publicum
1484 2233 1737 2294 Gtaeeioe
1764 2234 2100 2306 concilium,
2130 2239 2147 2266 ‘
2170 2232 2481 2313 Pylaicum
2496 2235 2544 2279 ’1
2584 2255 2689 2316 ap-

487 2329 750 2407 pellant:
795 2331 852 2386 8.
894 2327 976 2386 ibi
1003 2345 1138 2384 cum
1167 2326 1445 2407 frequens
1487 2346 1590 2407 per
1634 2347 1738 2389 eos
1766 2329 1893 2389 dies
1935 2336 2265 2389 conventus
2294 2339 2477 2404 esset,
2506 2332 2572 2390 in
2600 2331 2690 2395 lo-

487 2442 624 2507 cum
649 2424 833 2500 patris
861 2421 1360 2500 Amphictyonum
1402 2424 1642 2485 decreto
1671 2444 1939 2485 summus
1979 2425 2323 2485 Graecorum
2370 2426 2691 2505 imperator

487 2525 772 2587 ereatus‚⁸
801 2526 818 2551 ⁸
848 2516 1241 2575 Ambraciotis
1271 2527 1459 2576 ratam
1506 2538 1640 2579 esse
1668 2520 1999 2581 libertatem
2023 2521 2039 2546 ⁹
2054 2521 2259 2600 jussit,
2286 2542 2469 2603 quam
2498 2544 2689 2605 nuper

486 2611 737 2690 expulso
795 2609 1195 2670 Macedonum
1267 2606 1546 2689 praesidio
1602 2625 1977 2693 receperant:
2049 2624 2067 2652 ‘
2112 2620 2268 2679 ultro
2318 2617 2689 2681 redditurum

485 2706 671 2766 fuisse
694 2705 710 2730 '
737 2704 1037 2781 dictitans,
1065 2710 1085 2742 ‘
1115 2707 1175 2765 ni
1197 2710 1404 2787 paucis
1428 2707 1639 2769 diebus
1664 2710 1855 2789 ipsum
1877 2713 2373 2775 antevertissent.’
2454 2714 2517 2773 9.
2568 2714 2689 2773 Ex-

487 2799 626 2861 inde
674 2802 932 2863 'I'hebist
959 2803 1201 2863 admoto
1237 2804 1522 2877 exercitu,
1560 2806 1865 2885 fractaque
1898 2808 2237 2867 Boeotorum
2266 2819 2327 2869 et
2354 2806 2687 2869 Athenien-

486 2898 636 2956 sium
685 2899 1079 2973 contumacia,
1123 2902 1223 2979 qui
1269 2900 1477 2981 populi
1520 2901 1775 2962 maxime
1826 2903 1949 2963 suis
1997 2903 2260 2963 consiliis
2309 2904 2685 2976 obstiterant,

484 2996 502 3024 ⁸
533 2990 692 3070 apud
723 2991 1074 3053 Corinthum
1105 2994 1454 3055 Graecorum
1490 2995 1721 3074 legatos
1767 3016 2069 3059 occurrere
2117 2997 2253 3058 sibi'
2278 2998 2499 3077 jussit.¹
2592 3003 2686 3059 10.

487 3084 577 3155 Ibi
605 3087 948 3151 confirmato
975 3087 1477 3166 Amphictyonum
1521 3089 1781 3164 decreto,
1808 3093 2108 3152 communi
2136 3094 2398 3155 omnium
2440 3105 2685 3154 senten-

485 3177 589 3248 tia,
617 3178 680 3239 in
707 3176 965 3260 Philippi
991 3184 1176 3261 patris
1207 3176 1412 3243 locum⁴
1429 3184 1743 3263 imperator
1768 3186 2020 3249 Groeciae
2050 3187 2335 3249 suffectus
2360 3198 2489 3249 est:
2536 3200 2600 3250 et
2626 3192 2687 3251 in

485 3271 702 3347 bellum
748 3273 1052 3336 Persicum
1082 3276 1298 3337 auxilia
1336 3276 1596 3337 decreta.
1685 3281 1781 3341 11.
1824 3280 1999 3341 Forte
2028 3282 2087 3340 in
2117 3282 2328 3343 eadem
2367 3284 2513 3343 urbe
2540 3286 2687 3345 Dio-

485 3385 668 3445 genes
699 3368 978 3448 degebat,
1003 3373 1101 3449 qui
1133 3371 1358 3451 Cynico
1385 3371 1659 3432 instituto
1692 3384 2079 3451 spontaneam
2107 3386 2513 3457 paupertatem
2556 3400 2683 3439 am-

483 3462 717 3540 plexus,
749 3463 994 3527 liberum
1025 3477 1086 3526 et
1128 3468 1219 3527 sui
1249 3466 1401 3546 juris
1445 3469 1707 3528 animum
1748 3470 1956 3547 opibus
1994 3471 2268 3551 curisque
2310 3472 2681 3553 praetulerat.

491 3559 584 3617 12.
625 3559 1019 3637 Apricabatur
1059 3560 1159 3622 ille
1186 3563 1248 3619 in
1275 3562 1556 3635 Craneo‚¹‘
1582 3562 1853 3624 Corinthi
1894 3566 2198 3636 suburbio,
2226 3568 2326 3627 ubi
2362 3587 2679 3649 cupresso·

547 3704 571 3729 ⁸
605 3698 822 3747 Maxim.
841 3700 963 3765 Tyr.
987 3700 1140 3751 Orat.
1163 3706 1242 3752 38.
1466 3746 1471 3755 .
1688 3703 1711 3737 f
1735 3705 1851 3757 Liv.
1872 3719 2030 3758 xxxi.
2051 3711 2133 3758 88.

542 3770 568 3804 ὗ
600 3770 740 3823 Plin.
797 3774 939 3825 Hist.
996 3776 1125 3828 Nat.
1183 3790 1262 3827 lv.
1317 3782 1365 3827 8.
1421 3779 1535 3831 Liv.
1686 3786 1712 3823 ⁸
1746 3780 1901 3831 Diod.
1920 3784 2023 3833 Sic.
2044 3783 2079 3834 1.
2103 3783 2137 3833 l.

484 3854 631 3893 xant.
649 3851 702 3895 6.
1686 3852 1723 3887 ⁸·
1741 3854 1827 3906 Id.
1850 3857 1883 3906 l.
1904 3858 1943 3909 1.

547 3924 569 3951 ⁶
601 3918 832 3984 Polyoen.
853 3926 1085 3989 Stratag.
1107 3940 1186 3979 ιν.
1208 3932 1256 3979 8.
1277 3930 1361 3979 23.
1682 3930 1697 3963 ¹
1728 3930 1807 3979 Id.
1830 3932 1921 3983 1.1.
1943 3933 2136 3985 Justin.
2162 3948 2239 3987 ιι.
2260 3940 2309 3987 2.
2330 3942 2381 3989 4.

543 3991 569 4025 ⁴
601 3994 756 4047 Diod.
782 4012 920 4049 xvir.
937 4017 992 4064 p.
1023 4008 1139 4052 668.
1161 4003 1356 4057 Justin.
1380 4014 1461 4057 xl.
1484 4010 1533 4056 2.
1680 4003 1705 4038 Β
1738 4004 1967 4059 Pausan.
1991 4022 2055 4059 rr.
2106 4056 2133 4067 ,

544 4074 568 4100 ⁰
598 4068 898 4124 Philoni-at.
921 4074 974 4125 ln
999 4076 1212 4127 Hernic-
