2858 4782
595 419 860 468 surm..
909 419 990 468 m
1041 421 1106 480 Q.
1157 416 1508 469 cultrum
1560 423 1701 470 mn.
1749 423 1831 471 ιι.
2176 409 2303 475 131

99 561 156 617 7.
197 557 272 618 Id
295 577 482 618 unum
499 563 625 638 regi
647 579 720 619 ex
752 560 1046 620 sententia
1068 561 1433 622 successisse
1460 567 1729 641 negant,f
1750 581 1885 623 cum
1910 573 2143 624 ceteros
2174 565 2305 643 ejus

99 667 356 715 conatus
385 655 828 722 fortuna'enixe
849 657 1114 736 juvaret:
1142 659 1402 737 abiitque
1432 677 1525 718 res
1554 659 1613 716 in
1643 659 2005 737 religionem,
2032 668 2051 694 ⁸
2074 679 2183 720 nec
2210 661 2303 719 fas

97 769 229 811 esse
253 751 614 812 mortalibus
639 752 656 778 ’
695 753 1092 813 existimatum
1121 765 1237 825 est,
1276 759 1294 788 ⁴
1323 763 1551 813 mutare
1594 753 1823 825 faciem,
1861 771 2037 832 quam
2088 765 2305 814 natura

98 847 244 906 locis
273 845 558 907 indiderit
581 846 623 906 τ’
666 847 872 926 utique
899 861 1218 926 postquam
1249 848 1396 909 alios
1425 848 1641 910 similia
1668 849 1906 909 molitos
1928 849 2148 928 ubique
2166 869 2304 911 suc·

95 959 304 1001 cessus
349 940 642 1004 destituit.
729 945 790 1002 8.
835 942 1228 1004 Clazomenas
1267 954 1467 1005 tamen
1514 945 1667 1004 mole
1696 944 1946 1005 duorum
1975 945 2302 1006 stadiorum

98 1047 348 1122 aggesta
367 1037 696 1098 continenti
718 1036 941 1117 junxit,
969 1057 1118 1116 quas
1149 1039 1290 1098 olim
1315 1051 1477 1099 metu
1507 1039 1821 1101 Persarum
1851 1041 2209 1102 Clazomenii
2240 1043 2301 1100 in

101 1135 358 1193 insulam
409 1133 886 1194 transtulerant.⁸
965 1132 1088 1194 Sed
1135 1134 1266 1196 boec
1307 1133 1551 1215 quidem
1598 1155 1775 1216 opera
1800 1137 1977 1217 regiis
2006 1137 2301 1216 proefectis

105 1229 429 1290 commissa
458 1241 618 1291 sunt.
663 1231 726 1289 9.
770 1231 929 1309 Ipse,
957 1229 1260 1291 sacrificiis
1291 1231 1515 1312 Ephesi
1542 1234 1849 1310 magnifice
1876 1235 2208 1306 celebratis,
2236 1236 2297 1292 in

97 1327 381 1386 honorem
421 1325 572 1386 Deoe
615 1345 751 1386 curn
795 1326 1074 1386 universo
1099 1326 1380 1399 exercitu,
1407 1327 1511 1406 qui
1540 1327 1768 1400 aderat,
1794 1328 1855 1386 in
1886 1329 2061 1388 armis
2088 1329 2305 1388 decur-

99 1422 168 1480 rit
191 1441 208 1488 ς
231 1419 260 1454 '¹
305 1429 552 1500 postero
589 1421 806 1482 deinde
853 1421 948 1482 die
991 1441 1129 1482 cum
1166 1421 1438 1502 peditatu
1468 1441 1645 1501 quem
1675 1441 1877 1483 secum
1902 1423 2182 1498 habebat,
2204 1443 2303 1484 as-

97 1517 306 1576 sumtis
333 1515 630 1576 Thracum
657 1515 980 1595 equitibus,
1007 1527 1072 1577 et
1091 1527 1345 1597 quatuor
1371 1517 1691 1578 amicorum
1722 1519 1947 1589 turmis,
1974 1519 2128 1580 inter
2152 1539 2301 1598 quas

97 1623 152 1671 et
174 1612 340 1691 regia
368 1621 516 1684 erat,
545 1611 820 1672 Miletum
848 1612 1176 1674 contendit.
1265 1615 1360 1673 10.
1407 1612 1643 1694 Quippe
1673 1613 2117 1692 Hegesistratus
2146 1633 2303 1692 proe-

97 1707 228 1766 sidii
245 1706 588 1786 proefectus,
615 1706 798 1767 literis
826 1707 906 1766 ad
933 1727 1070 1768 eum
1097 1706 1317 1779 missis,
1337 1724 1505 1787 spem
1522 1707 1841 1768 deditionis
1862 1708 2083 1768 fecerat
2104 1707 2153 1767 :¹
2187 1709 2301 1768 sed

93 1815 412 1882 postquam
442 1803 756 1863 Persarum
785 1802 1040 1865 classem
1063 1805 1124 1864 in
1153 1803 1487 1883 propinquo
1514 1806 1731 1864 versari
1758 1813 2137 1883 cog-noverat,
2167 1823 2297 1862 mu-

99 1909 224 1958 tata
251 1898 550 1962 sententia
575 1898 860 1978 oppidum
904 1899 1092 1972 Dario
1116 1913 1467 1960 conservare
1495 1899 1815 1961 nitebatur.
1903 1900 1997 1958 11.
2042 1900 2197 1958 Nam
2238 1909 2303 1958 et

92 2003 530 2054 commeatuum
555 1995 946 2074 telorumque,
974 2006 1036 2056 et
1065 1996 1116 2055 si
1143 2013 1264 2074 qua
1292 1994 1412 2055 alia
1438 1995 1515 2055 ad
1538 1995 1907 2056 tolerandam
1926 1993 2303 2055 obsidionem·

93 2091 490 2168 requiruntur,
538 2109 819 2168 magnam
865 2089 1122 2151 babebat
1167 2091 1436 2171 copiam:
1480 2102 1543 2150 et
1567 2101 2074 2171 propugnatorum
2102 2091 2299 2150 multi·-

93 2185 299 2244 tudine
329 2184 714 2245 abundabat:
756 2184 902 2264 quia
929 2183 1266 2258 Memnon,'‘
1305 2205 1441 2246 cum
1470 2205 1544 2246 ex
1572 2186 1779 2266 proelio
1806 2186 2075 2246 Miletum
2104 2189 2307 2266 perfu-·

93 2283 298 2360 gisset,
320 2279 524 2342 multis
550 2281 630 2340 ibi
659 2299 901 2340 suorum
929 2281 1149 2342 relictis
1174 2282 1517 2362 praesidium
1544 2283 1895 2342 firmaverat.
1984 2285 2081 2340 12.
2110 2283 2301 2362 Igitur

93 2377 310 2438 infesto
341 2375 582 2455 agmine
612 2396 990 2455 suggressus,
1017 2378 1360 2437 exteriorem
1383 2379 1607 2447 urbem,
1634 2387 1704 2437 ut
1728 2377 1841 2457 ipsi
1870 2379 2184 2449 vocabant,
2224 2398 2299 2437 ex

93 2474 300 2532 itinere
327 2472 528 2551 cepit:
569 2488 709 2531 nam
737 2470 1024 2551 oppidani
1049 2472 1405 2551 militesque,
1435 2494 1511 2532 ue
1542 2473 1693 2534 vires
1722 2485 2087 2552 spargerent,
2115 2475 2183 2533 in·
2208 2475 2305 2533 in-·

95 2570 366 2627 teriorem
395 2566 598 2627 urbem
627 2574 1070 2639 concesserant,
1100 2566 1380 2627 auxilium
1403 2586 1666 2639 suorum,
1709 2568 1874 2647 quod
1900 2568 2061 2628 haud
2094 2572 2301 2649 procul

95 2666 306 2723 abesse
336 2662 636 2732 rebantur,
661 2661 1004 2741 opperituri.
1091 2663 1188 2721 13.
1232 2661 1449 2722 Verum
1478 2680 1690 2722 vanam
1718 2664 2187 2742 expectationem
2214 2668 2303 2725 fe-

91 2760 166 2820 cit
191 2755 610 2817 Macedonicoe
635 2754 848 2815 classis
879 2756 1208 2825 adventus,¹
1247 2776 1387 2835 quse
1440 2757 1737 2819 Nicanore
1780 2760 1933 2819 duce
1978 2760 2179 2819 Laden
2210 2762 2301 2818 in·-

96 2854 286 2913 sulam
339 2870 522 2929 supra
563 2851 835 2911 Miletum
887 2852 1062 2911 sitam
1089 2853 1443 2932 occupavitz
1488 2852 1703 2912 deinde
1728 2872 1867 2911 cum
1884 2854 2009 2930 jam
2038 2853 2298 2913 hostium

96 2949 308 3009 classis
339 2948 418 3007 ad
447 2945 725 3026 Mycalen
753 2956 1012 3005 montem
1041 2947 1316 3018 haereret,
1339 2948 1532 3024 ipsum
1560 2946 1929 3005 Milesiorum
1954 2956 2189 3026 portum
2210 2948 2302 3005 in-

97 3062 303 3123 gressa
345 3042 574 3103 Persici
601 3040 804 3101 auxilii
835 3060 1000 3121 spem
1026 3040 1344 3123 oppidanis
1377 3042 1615 3101 ademit.
1704 3044 1799 3100 14.
1849 3042 2061 3121 Neque
2100 3042 2303 3123 prohi-

95 3142 316 3199 bebant
331 3138 587 3211 barbari,
601 3156 940 3216 quanquam
957 3157 1206 3197 numero
1227 3137 1464 3197 navium
1480 3137 1661 3215 longe
1678 3147 2058 3215 proestarent:
2081 3138 2305 3219 quippe

97 3236 278 3313 paulo
303 3234 502 3293 minus
528 3230 982 3312 quadringentis
1009 3230 1331 3306 habebant,
1367 3250 1504 3292 cum
1552 3233 1812 3292 Nicanor
1860 3244 2089 3293 tantum
2129 3254 2298 3295 sexa·

99 3331 262 3409 ginta
313 3348 497 3411 supra
533 3338 772 3388 centum
825 3327 1237 3388 adduxisset.¹'⁵
1326 3330 1420 3388 15.
1464 3330 1695 3389 Interea
1738 3328 2109 3409 Glaucippus
2137 3332 2299 3409 prin—

97 3446 236 3505 ceps
265 3424 522 3484 civitatis
549 3423 627 3482 ad
659 3422 1065 3481 Alexandrum
1109 3424 1352 3495 missus,
1391 3423 1600 3501 petito,
1642 3430 1663 3461 ⁶
1684 3436 1752 3484 ut
1780 3426 1980 3484 urbem
2006 3432 2071 3483 et
2092 3436 2300 3502 portus

99 3520 528 3581 Macedonibus
555 3517 874 3597 Persisque
903 3536 1248 3579 communes
1275 3538 1412 3579 esse
1441 3520 1781 3597 pateretur,’
1798 3525 1825 3551 ¹¹
1864 3520 2031 3579 triste
2054 3538 2299 3598 respon-

97 3634 226 3675 sum
255 3614 557 3686 retulerat,
598 3618 618 3647 ‘
641 3612 778 3673 Non
809 3634 876 3674 se
921 3614 1156 3675 venisse
1189 3614 1250 3674 in
1283 3614 1510 3687 Asiam,
1554 3624 1627 3675 ut
1664 3613 1958 3693 acciperet
1993 3613 2154 3692 quod
2200 3614 2301 3674 alii

99 3708 528 3775 concederentz
571 3708 679 3767 sed
707 3718 778 3768 ut
823 3694 1076 3788 quisque
1111 3710 1354 3769 baberet
1391 3708 1557 3789 quod
1596 3708 1724 3787 ipse
1765 3707 2141 3786 reliquissett
2185 3708 2299 3766 ita-

99 3822 212 3883 que
235 3804 458 3864 scirent
477 3804 742 3864 omnium
785 3805 1152 3866 fortunarum
1201 3804 1501 3865 arbitrium
1534 3804 1756 3863 meliori
1799 3800 2294 3881 pemittendum3

159 4009 178 4043 ¹
207 4008 436 4061 Pausau.
455 4000 519 4061 ιἰ.
576 4010 777 4063 Herod.
793 4024 832 4063 r.
853 4014 965 4063 174.
1305 4008 1330 4041 ¹¹
1361 4004 1519 4059 Diod.
1538 4006 1639 4057 Sic.
1662 4018 1804 4055 xvir.
1827 4018 1877 4067 p.
1901 4008 2018 4054 678.

163 4094 188 4129 Ι
221 4085 363 4135 Ptin.
389 4086 426 4135 Ι.
451 4088 487 4137 Ι.
650 4087 673 4115 ”
1306 4082 1320 4116 ¹
1351 4083 1557 4149 Arrian.
1580 4083 1614 4131 l.
1638 4081 1673 4130 1.

163 4160 188 4193 δ
221 4160 428 4210 Art-ian.
451 4175 490 4212 1.
513 4164 592 4211 19.
1303 4166 1340 4191 ¹²·
1373 4156 1456 4206 ld.
1480 4158 1516 4207 l.
1541 4158 1575 4207 l.

165 4232 182 4267 ¹
213 4234 290 4287 Id.
311 4236 346 4287 l.
369 4236 402 4287 l.
1303 4240 1328 4265 ¹·
1361 4232 1443 4283 Id.
1468 4247 1508 4283 1.
1530 4236 1611 4283 20.
1662 4230 1849 4283 Senec-
1873 4230 2041 4296 Eplst.
2065 4238 2145 4284 σε.
2172 4238 2251 4283 10.
