<?xml version="1.0" encoding="UTF-8"?>
<!DOCTYPE html PUBLIC "-//W3C//DTD XHTML 1.0 Transitional//EN"
    "http://www.w3.org/TR/xhtml1/DTD/xhtml1-transitional.dtd">
<html xmlns="http://www.w3.org/1999/xhtml" xml:lang="en" lang="en">
 <head>
  <title>
</title>
<meta http-equiv="Content-Type" content="text/html;charset=utf-8" />
  <meta name='ocr-system' content='tesseract 3.04.00' />
  <meta name='ocr-capabilities' content='ocr_page ocr_carea ocr_par ocr_line ocrx_word'/>
</head>
<body>
  <div class='ocr_page' id='page_1' title='image "./quinticurtirufi00freigoog_0153.png"; bbox 0 0 2858 4782; ppageno 0'>
   <div class='ocr_carea' id='block_1_1' title="bbox 543 377 1961 445">
    <p class='ocr_par' dir='ltr' id='par_1_1' title="bbox 543 377 1961 445">
     <span class='ocr_line' id='line_1_1' title="bbox 543 377 1961 445; baseline -0.001 -2"><span class='ocrx_word' id='word_1_1' title='bbox 543 377 675 445; x_wconf 81' lang='grc'><strong>132</strong></span> <span class='ocrx_word' id='word_1_2' title='bbox 1343 392 1404 441; x_wconf 77' lang='lat' dir='ltr'><strong>s.</strong></span> <span class='ocrx_word' id='word_1_3' title='bbox 1455 390 1961 441; x_wconf 67' lang='lat' dir='ltr'><strong>rasiusnnun</strong></span> 
     </span>
    </p>
   </div>
   <div class='ocr_carea' id='block_1_2' title="bbox 482 528 2781 3852">
    <p class='ocr_par' dir='ltr' id='par_1_2' title="bbox 482 528 2781 3852">
     <span class='ocr_line' id='line_1_2' title="bbox 551 528 2781 613; baseline -0.001 -20"><span class='ocrx_word' id='word_1_4' title='bbox 551 542 658 593; x_wconf 85' lang='lat' dir='ltr'><strong>aut</strong></span> <span class='ocrx_word' id='word_1_5' title='bbox 679 532 741 593; x_wconf 89' lang='lat' dir='ltr'><strong>in</strong></span> <span class='ocrx_word' id='word_1_6' title='bbox 769 530 1093 613; x_wconf 85' lang='lat' dir='ltr'><strong>proximam</strong></span> <span class='ocrx_word' id='word_1_7' title='bbox 1118 530 1313 593; x_wconf 87' lang='lat' dir='ltr'><strong>lucem</strong></span> <span class='ocrx_word' id='word_1_8' title='bbox 1341 530 1419 593; x_wconf 91' lang='lat' dir='ltr'><strong>de</strong></span> <span class='ocrx_word' id='word_1_9' title='bbox 1448 550 1523 593; x_wconf 90' lang='lat' dir='ltr'><strong>eo</strong></span> <span class='ocrx_word' id='word_1_10' title='bbox 1544 532 1899 593; x_wconf 85' lang='lat' dir='ltr'><strong>certandum</strong></span> <span class='ocrx_word' id='word_1_11' title='bbox 1926 530 2100 593; x_wconf 69' lang='lat' dir='ltr'><strong>esse!</strong></span> <span class='ocrx_word' id='word_1_12' title='bbox 2164 530 2257 591; x_wconf 89' lang='lat'><strong>16.</strong></span> <span class='ocrx_word' id='word_1_13' title='bbox 2302 528 2425 592; x_wconf 82' lang='lat' dir='ltr'><strong>Sed</strong></span> <span class='ocrx_word' id='word_1_14' title='bbox 2454 531 2559 611; x_wconf 85' lang='lat' dir='ltr'><strong>qui</strong></span> <span class='ocrx_word' id='word_1_15' title='bbox 2584 532 2651 591; x_wconf 88' lang='lat' dir='ltr'><strong>in</strong></span> <span class='ocrx_word' id='word_1_16' title='bbox 2680 530 2781 591; x_wconf 79' lang='lat' dir='ltr'><strong>ci·</strong></span> 
     </span>
     <span class='ocr_line' id='line_1_3' title="bbox 550 624 2777 709; baseline 0 -20"><span class='ocrx_word' id='word_1_17' title='bbox 550 628 732 689; x_wconf 75' lang='lat' dir='ltr'><strong>vitate</strong></span> <span class='ocrx_word' id='word_1_18' title='bbox 777 637 974 700; x_wconf 88' lang='lat' dir='ltr'><strong>erant,</strong></span> <span class='ocrx_word' id='word_1_19' title='bbox 1019 628 1272 707; x_wconf 89' lang='lat' dir='ltr'><strong>primum</strong></span> <span class='ocrx_word' id='word_1_20' title='bbox 1327 628 1735 689; x_wconf 80' lang='lat' dir='ltr'><strong>invadentium</strong></span> <span class='ocrx_word' id='word_1_21' title='bbox 1791 629 2075 709; x_wconf 88' lang='lat' dir='ltr'><strong>impetum</strong></span> <span class='ocrx_word' id='word_1_22' title='bbox 2120 626 2345 687; x_wconf 83' lang='lat' dir='ltr'><strong>fortiter</strong></span> <span class='ocrx_word' id='word_1_23' title='bbox 2390 624 2777 689; x_wconf 76' lang='lat' dir='ltr'><strong>retuderunt,</strong></span> 
     </span>
     <span class='ocr_line' id='line_1_4' title="bbox 545 720 2777 803; baseline -0.002 -18"><span class='ocrx_word' id='word_1_24' title='bbox 545 724 720 785; x_wconf 64' lang='lat' dir='ltr'><strong>casis</strong></span> <span class='ocrx_word' id='word_1_25' title='bbox 748 724 900 785; x_wconf 87' lang='lat' dir='ltr'><strong>inter</strong></span> <span class='ocrx_word' id='word_1_26' title='bbox 925 723 1074 783; x_wconf 88' lang='lat' dir='ltr'><strong>alios</strong></span> <span class='ocrx_word' id='word_1_27' title='bbox 1099 722 1334 783; x_wconf 87' lang='lat' dir='ltr'><strong>duobus</strong></span> <span class='ocrx_word' id='word_1_28' title='bbox 1358 722 1687 785; x_wconf 73' lang='lat' dir='ltr'><strong>Hellanicoe</strong></span> <span class='ocrx_word' id='word_1_29' title='bbox 1716 724 1877 796; x_wconf 81' lang='lat' dir='ltr'><strong>filiis,</strong></span> <span class='ocrx_word' id='word_1_30' title='bbox 1899 743 2036 803; x_wconf 78' lang='lat' dir='ltr'><strong>quaa</strong></span> <span class='ocrx_word' id='word_1_31' title='bbox 2064 722 2262 784; x_wconf 87' lang='lat' dir='ltr'><strong>nutrix</strong></span> <span class='ocrx_word' id='word_1_32' title='bbox 2284 720 2611 783; x_wconf 77' lang='lat' dir='ltr'><strong>Alexandri</strong></span> <span class='ocrx_word' id='word_1_33' title='bbox 2631 721 2777 781; x_wconf 80' lang='lat' dir='ltr'><strong>fne-</strong></span> 
     </span>
     <span class='ocr_line' id='line_1_5' title="bbox 546 816 2771 898; baseline -0.001 -19"><span class='ocrx_word' id='word_1_34' title='bbox 546 829 661 890; x_wconf 87' lang='lat' dir='ltr'><strong>rat,</strong></span> <span class='ocrx_word' id='word_1_35' title='bbox 687 828 752 879; x_wconf 91' lang='lat' dir='ltr'><strong>et</strong></span> <span class='ocrx_word' id='word_1_36' title='bbox 777 818 1052 890; x_wconf 67' lang='lat' dir='ltr'><strong>Clitum:</strong></span> <span class='ocrx_word' id='word_1_37' title='bbox 1093 821 1196 897; x_wconf 88' lang='lat' dir='ltr'><strong>qui</strong></span> <span class='ocrx_word' id='word_1_38' title='bbox 1245 838 1382 898; x_wconf 79' lang='lat' dir='ltr'><strong>rege</strong></span> <span class='ocrx_word' id='word_1_39' title='bbox 1412 830 1648 881; x_wconf 84' lang='lat' dir='ltr'><strong>servato</strong></span> <span class='ocrx_word' id='word_1_40' title='bbox 1686 820 1961 881; x_wconf 85' lang='lat' dir='ltr'><strong>eximium</strong></span> <span class='ocrx_word' id='word_1_41' title='bbox 2008 817 2193 879; x_wconf 85' lang='lat' dir='ltr'><strong>decus</strong></span> <span class='ocrx_word' id='word_1_42' title='bbox 2240 817 2473 889; x_wconf 87' lang='lat' dir='ltr'><strong>meruit,</strong></span> <span class='ocrx_word' id='word_1_43' title='bbox 2510 816 2771 877; x_wconf 81' lang='lat' dir='ltr'><strong>fratrem</strong></span> 
     </span>
     <span class='ocr_line' id='line_1_6' title="bbox 544 910 2773 993; baseline -0.002 -18"><span class='ocrx_word' id='word_1_44' title='bbox 544 911 824 975; x_wconf 82' lang='lat' dir='ltr'><strong>habebat.</strong></span> <span class='ocrx_word' id='word_1_45' title='bbox 913 916 1006 975; x_wconf 88' lang='grc'><strong>17.</strong></span> <span class='ocrx_word' id='word_1_46' title='bbox 1047 914 1170 975; x_wconf 90' lang='lat' dir='ltr'><strong>Sed</strong></span> <span class='ocrx_word' id='word_1_47' title='bbox 1197 932 1334 975; x_wconf 90' lang='lat' dir='ltr'><strong>cum</strong></span> <span class='ocrx_word' id='word_1_48' title='bbox 1361 914 1566 977; x_wconf 88' lang='lat' dir='ltr'><strong>dolore</strong></span> <span class='ocrx_word' id='word_1_49' title='bbox 1592 914 1797 993; x_wconf 87' lang='lat' dir='ltr'><strong>iraque</strong></span> <span class='ocrx_word' id='word_1_50' title='bbox 1826 913 2052 975; x_wconf 88' lang='lat' dir='ltr'><strong>incensi</strong></span> <span class='ocrx_word' id='word_1_51' title='bbox 2078 913 2285 973; x_wconf 81' lang='lat' dir='ltr'><strong>hostes</strong></span> <span class='ocrx_word' id='word_1_52' title='bbox 2314 911 2607 973; x_wconf 85' lang='lat' dir='ltr'><strong>machinis</strong></span> <span class='ocrx_word' id='word_1_53' title='bbox 2648 910 2773 971; x_wconf 88' lang='lat' dir='ltr'><strong>ad-</strong></span> 
     </span>
     <span class='ocr_line' id='line_1_7' title="bbox 547 1006 2769 1095; baseline -0.001 -27"><span class='ocrx_word' id='word_1_54' title='bbox 547 1008 726 1069; x_wconf 88' lang='lat' dir='ltr'><strong>motis</strong></span> <span class='ocrx_word' id='word_1_55' title='bbox 753 1028 1032 1088; x_wconf 72' lang='lat' dir='ltr'><strong>magnam</strong></span> <span class='ocrx_word' id='word_1_56' title='bbox 1057 1028 1356 1071; x_wconf 84' lang='lat' dir='ltr'><strong>murorum</strong></span> <span class='ocrx_word' id='word_1_57' title='bbox 1383 1020 1611 1089; x_wconf 85' lang='lat' dir='ltr'><strong>partem</strong></span> <span class='ocrx_word' id='word_1_58' title='bbox 1652 1008 2034 1088; x_wconf 88' lang='lat' dir='ltr'><strong>dejecissent,</strong></span> <span class='ocrx_word' id='word_1_59' title='bbox 2068 1007 2313 1087; x_wconf 84' lang='lat' dir='ltr'><strong>jamque</strong></span> <span class='ocrx_word' id='word_1_60' title='bbox 2356 1007 2419 1067; x_wconf 88' lang='lat' dir='ltr'><strong>in</strong></span> <span class='ocrx_word' id='word_1_61' title='bbox 2466 1006 2769 1095; x_wconf 84' lang='lat' dir='ltr'><strong>oppidum</strong></span> 
     </span>
     <span class='ocr_line' id='line_1_8' title="bbox 547 1099 2773 1187; baseline -0.001 -25"><span class='ocrx_word' id='word_1_62' title='bbox 547 1102 826 1184; x_wconf 77' lang='lat' dir='ltr'>irrupturi</span> <span class='ocrx_word' id='word_1_63' title='bbox 868 1104 1228 1179; x_wconf 74' lang='lat' dir='ltr'><strong>viderentur,</strong></span> <span class='ocrx_word' id='word_1_64' title='bbox 1273 1106 1733 1187; x_wconf 87' lang='lat' dir='ltr'><strong>conspectisque</strong></span> <span class='ocrx_word' id='word_1_65' title='bbox 1770 1106 1831 1166; x_wconf 89' lang='lat' dir='ltr'><strong>in</strong></span> <span class='ocrx_word' id='word_1_66' title='bbox 1856 1114 2031 1185; x_wconf 86' lang='lat' dir='ltr'><strong>portu</strong></span> <span class='ocrx_word' id='word_1_67' title='bbox 2074 1102 2479 1172; x_wconf 71' lang='lat' dir='ltr'><strong>Macedonum</strong></span> <span class='ocrx_word' id='word_1_68' title='bbox 2504 1099 2773 1161; x_wconf 86' lang='lat' dir='ltr'><strong>triremi-</strong></span> 
     </span>
     <span class='ocr_line' id='line_1_9' title="bbox 544 1196 2769 1281; baseline -0.002 -22"><span class='ocrx_word' id='word_1_69' title='bbox 544 1200 686 1272; x_wconf 88' lang='lat' dir='ltr'><strong>bus,</strong></span> <span class='ocrx_word' id='word_1_70' title='bbox 733 1218 924 1261; x_wconf 82' lang='lat' dir='ltr'><strong>novus</strong></span> <span class='ocrx_word' id='word_1_71' title='bbox 967 1210 1154 1263; x_wconf 87' lang='lat' dir='ltr'><strong>terror</strong></span> <span class='ocrx_word' id='word_1_72' title='bbox 1193 1201 1526 1281; x_wconf 69' lang='lat' dir='ltr'><strong>ing-ruereta</strong></span> <span class='ocrx_word' id='word_1_73' title='bbox 1568 1220 1707 1280; x_wconf 86' lang='lat' dir='ltr'><strong>pars</strong></span> <span class='ocrx_word' id='word_1_74' title='bbox 1744 1201 1926 1261; x_wconf 85' lang='lat' dir='ltr'><strong>scutis</strong></span> <span class='ocrx_word' id='word_1_75' title='bbox 1950 1202 1979 1237; x_wconf 76' lang='lat'><strong>⁹</strong></span> <span class='ocrx_word' id='word_1_76' title='bbox 2020 1200 2375 1261; x_wconf 72' lang='lat' dir='ltr'>incubantes</span> <span class='ocrx_word' id='word_1_77' title='bbox 2417 1196 2481 1257; x_wconf 87' lang='lat' dir='ltr'><strong>in</strong></span> <span class='ocrx_word' id='word_1_78' title='bbox 2511 1214 2769 1275; x_wconf 79' lang='lat' dir='ltr'><strong>parvam</strong></span> 
     </span>
     <span class='ocr_line' id='line_1_10' title="bbox 544 1292 2769 1377; baseline -0.002 -22"><span class='ocrx_word' id='word_1_79' title='bbox 544 1294 804 1357; x_wconf 88' lang='lat' dir='ltr'><strong>insulam</strong></span> <span class='ocrx_word' id='word_1_80' title='bbox 833 1295 964 1357; x_wconf 81' lang='lat' dir='ltr'><strong>urbi</strong></span> <span class='ocrx_word' id='word_1_81' title='bbox 989 1296 1356 1377; x_wconf 87' lang='lat' dir='ltr'><strong>objacentem</strong></span> <span class='ocrx_word' id='word_1_82' title='bbox 1379 1305 1791 1369; x_wconf 75' lang='lat' dir='ltr'><strong>enataverunt,</strong></span> <span class='ocrx_word' id='word_1_83' title='bbox 1820 1294 1921 1357; x_wconf 91' lang='lat' dir='ltr'><strong>alii</strong></span> <span class='ocrx_word' id='word_1_84' title='bbox 1949 1294 2190 1374; x_wconf 83' lang='lat' dir='ltr'><strong>scaphis</strong></span> <span class='ocrx_word' id='word_1_85' title='bbox 2216 1292 2587 1365; x_wconf 87' lang='lat' dir='ltr'><strong>conscensis,</strong></span> <span class='ocrx_word' id='word_1_86' title='bbox 2616 1310 2769 1353; x_wconf 82' lang='lat' dir='ltr'><strong>cum</strong></span> 
     </span>
     <span class='ocr_line' id='line_1_11' title="bbox 546 1388 2767 1472; baseline 0 -24"><span class='ocrx_word' id='word_1_87' title='bbox 546 1389 708 1450; x_wconf 87' lang='lat' dir='ltr'><strong>idem</strong></span> <span class='ocrx_word' id='word_1_88' title='bbox 751 1389 1122 1465; x_wconf 80' lang='lat' dir='ltr'><strong>molirentur,</strong></span> <span class='ocrx_word' id='word_1_89' title='bbox 1169 1393 1230 1451; x_wconf 93' lang='lat' dir='ltr'><strong>in</strong></span> <span class='ocrx_word' id='word_1_90' title='bbox 1281 1392 1412 1472; x_wconf 85' lang='lat' dir='ltr'><strong>ipso</strong></span> <span class='ocrx_word' id='word_1_91' title='bbox 1454 1402 1663 1472; x_wconf 85' lang='lat' dir='ltr'><strong>portus</strong></span> <span class='ocrx_word' id='word_1_92' title='bbox 1705 1391 1869 1452; x_wconf 87' lang='lat' dir='ltr'><strong>aditu</strong></span> <span class='ocrx_word' id='word_1_93' title='bbox 1896 1392 1973 1451; x_wconf 90' lang='lat' dir='ltr'><strong>ab</strong></span> <span class='ocrx_word' id='word_1_94' title='bbox 1998 1390 2259 1451; x_wconf 87' lang='lat' dir='ltr'><strong>bostium</strong></span> <span class='ocrx_word' id='word_1_95' title='bbox 2286 1388 2542 1467; x_wconf 82' lang='lat' dir='ltr'><strong>navigiis</strong></span> <span class='ocrx_word' id='word_1_96' title='bbox 2566 1388 2767 1448; x_wconf 86' lang='lat' dir='ltr'><strong>inter·</strong></span> 
     </span>
     <span class='ocr_line' id='line_1_12' title="bbox 545 1478 2769 1566; baseline -0.001 -21"><span class='ocrx_word' id='word_1_97' title='bbox 545 1486 706 1565; x_wconf 82' lang='lat' dir='ltr'><strong>cepti</strong></span> <span class='ocrx_word' id='word_1_98' title='bbox 745 1496 907 1547; x_wconf 85' lang='lat' dir='ltr'><strong>sunt.</strong></span> <span class='ocrx_word' id='word_1_99' title='bbox 993 1488 1092 1547; x_wconf 87' lang='lat'><strong>18.</strong></span> <span class='ocrx_word' id='word_1_100' title='bbox 1131 1485 1492 1560; x_wconf 77' lang='lat' dir='ltr'><strong>Alexander,</strong></span> <span class='ocrx_word' id='word_1_101' title='bbox 1532 1478 1755 1566; x_wconf 81' lang='lat' dir='ltr'><strong>oppido</strong></span> <span class='ocrx_word' id='word_1_102' title='bbox 1780 1487 1843 1545; x_wconf 90' lang='lat' dir='ltr'><strong>in</strong></span> <span class='ocrx_word' id='word_1_103' title='bbox 1870 1494 2227 1565; x_wconf 76' lang='lat' dir='ltr'><strong>potestatem</strong></span> <span class='ocrx_word' id='word_1_104' title='bbox 2253 1483 2517 1555; x_wconf 88' lang='lat' dir='ltr'><strong>redacto,</strong></span> <span class='ocrx_word' id='word_1_105' title='bbox 2544 1493 2769 1544; x_wconf 82' lang='lat' dir='ltr'><strong>contra</strong></span> 
     </span>
     <span class='ocr_line' id='line_1_13' title="bbox 545 1579 2767 1662; baseline 0 -23"><span class='ocrx_word' id='word_1_106' title='bbox 545 1598 649 1641; x_wconf 84' lang='lat' dir='ltr'><strong>eos</strong></span> <span class='ocrx_word' id='word_1_107' title='bbox 691 1582 796 1660; x_wconf 91' lang='lat' dir='ltr'><strong>qui</strong></span> <span class='ocrx_word' id='word_1_108' title='bbox 841 1580 1096 1643; x_wconf 87' lang='lat' dir='ltr'><strong>insulam</strong></span> <span class='ocrx_word' id='word_1_109' title='bbox 1137 1584 1423 1645; x_wconf 89' lang='lat' dir='ltr'><strong>tenebant</strong></span> <span class='ocrx_word' id='word_1_110' title='bbox 1455 1601 1638 1643; x_wconf 80' lang='lat' dir='ltr'><strong>naves</strong></span> <span class='ocrx_word' id='word_1_111' title='bbox 1673 1580 1937 1662; x_wconf 86' lang='lat' dir='ltr'><strong>expediri</strong></span> <span class='ocrx_word' id='word_1_112' title='bbox 1980 1580 2185 1660; x_wconf 86' lang='lat' dir='ltr'><strong>jussit,</strong></span> <span class='ocrx_word' id='word_1_113' title='bbox 2216 1580 2432 1659; x_wconf 87' lang='lat' dir='ltr'><strong>quibus</strong></span> <span class='ocrx_word' id='word_1_114' title='bbox 2459 1579 2767 1658; x_wconf 68' lang='lat' dir='ltr'><strong>impositae</strong></span> 
     </span>
     <span class='ocr_line' id='line_1_14' title="bbox 547 1674 2769 1758; baseline -0.001 -23"><span class='ocrx_word' id='word_1_115' title='bbox 547 1676 736 1753; x_wconf 85' lang='lat' dir='ltr'><strong>proris</strong></span> <span class='ocrx_word' id='word_1_116' title='bbox 767 1674 948 1737; x_wconf 77' lang='lat' dir='ltr'><strong>scaloe</strong></span> <span class='ocrx_word' id='word_1_117' title='bbox 967 1676 1326 1750; x_wconf 79' lang='lat' dir='ltr'><strong>ferebantur,</strong></span> <span class='ocrx_word' id='word_1_118' title='bbox 1349 1686 1422 1737; x_wconf 89' lang='lat' dir='ltr'><strong>ut</strong></span> <span class='ocrx_word' id='word_1_119' title='bbox 1444 1677 1507 1736; x_wconf 90' lang='lat' dir='ltr'><strong>in</strong></span> <span class='ocrx_word' id='word_1_120' title='bbox 1534 1679 1847 1758; x_wconf 87' lang='lat' dir='ltr'><strong>abruptam</strong></span> <span class='ocrx_word' id='word_1_121' title='bbox 1872 1675 2085 1737; x_wconf 82' lang='lat' dir='ltr'><strong>insulae</strong></span> <span class='ocrx_word' id='word_1_122' title='bbox 2113 1694 2303 1746; x_wconf 86' lang='lat' dir='ltr'><strong>oram,</strong></span> <span class='ocrx_word' id='word_1_123' title='bbox 2330 1674 2493 1735; x_wconf 80' lang='lat' dir='ltr'><strong>velut</strong></span> <span class='ocrx_word' id='word_1_124' title='bbox 2518 1674 2579 1733; x_wconf 90' lang='lat' dir='ltr'><strong>in</strong></span> <span class='ocrx_word' id='word_1_125' title='bbox 2626 1694 2769 1733; x_wconf 86' lang='lat' dir='ltr'><strong>mu·</strong></span> 
     </span>
     <span class='ocr_line' id='line_1_15' title="bbox 550 1768 2767 1853; baseline 0.001 -25"><span class='ocrx_word' id='word_1_126' title='bbox 550 1786 650 1829; x_wconf 84' lang='lat' dir='ltr'><strong>ros</strong></span> <span class='ocrx_word' id='word_1_127' title='bbox 673 1768 906 1833; x_wconf 85' lang='lat' dir='ltr'><strong>hostilis</strong></span> <span class='ocrx_word' id='word_1_128' title='bbox 933 1772 1158 1853; x_wconf 87' lang='lat' dir='ltr'><strong>oppidi,</strong></span> <span class='ocrx_word' id='word_1_129' title='bbox 1183 1772 1631 1835; x_wconf 68' lang='lat' dir='ltr'><strong>transcenderet</strong></span> <span class='ocrx_word' id='word_1_130' title='bbox 1654 1771 1845 1833; x_wconf 87' lang='lat' dir='ltr'><strong>miles.</strong></span> <span class='ocrx_word' id='word_1_131' title='bbox 1936 1772 2031 1831; x_wconf 90' lang='grc'><strong>19.</strong></span> <span class='ocrx_word' id='word_1_132' title='bbox 2072 1772 2155 1832; x_wconf 80' lang='lat' dir='ltr'><strong>At</strong></span> <span class='ocrx_word' id='word_1_133' title='bbox 2188 1789 2323 1831; x_wconf 85' lang='lat' dir='ltr'><strong>cum</strong></span> <span class='ocrx_word' id='word_1_134' title='bbox 2358 1768 2767 1831; x_wconf 84' lang='lat' dir='ltr'><strong>mercenarios</strong></span> 
     </span>
     <span class='ocr_line' id='line_1_16' title="bbox 551 1862 2771 1946; baseline 0.002 -25"><span class='ocrx_word' id='word_1_135' title='bbox 551 1862 821 1936; x_wconf 73' lang='lat' dir='ltr'><strong>Groecos,</strong></span> <span class='ocrx_word' id='word_1_136' title='bbox 849 1866 952 1944; x_wconf 86' lang='lat' dir='ltr'><strong>qui</strong></span> <span class='ocrx_word' id='word_1_137' title='bbox 976 1884 1050 1927; x_wconf 92' lang='lat' dir='ltr'><strong>eo</strong></span> <span class='ocrx_word' id='word_1_138' title='bbox 1075 1867 1491 1945; x_wconf 76' lang='lat' dir='ltr'><strong>confugerant,</strong></span> <span class='ocrx_word' id='word_1_139' title='bbox 1520 1866 1785 1945; x_wconf 83' lang='lat' dir='ltr'><strong>quamvis</strong></span> <span class='ocrx_word' id='word_1_140' title='bbox 1813 1865 1973 1927; x_wconf 86' lang='lat' dir='ltr'><strong>haud</strong></span> <span class='ocrx_word' id='word_1_141' title='bbox 1994 1866 2193 1946; x_wconf 87' lang='lat' dir='ltr'><strong>plures</strong></span> <span class='ocrx_word' id='word_1_142' title='bbox 2221 1864 2497 1927; x_wconf 73' lang='lat' dir='ltr'><strong>trecentis</strong></span> <span class='ocrx_word' id='word_1_143' title='bbox 2524 1876 2771 1937; x_wconf 86' lang='lat' dir='ltr'><strong>essent,</strong></span> 
     </span>
     <span class='ocr_line' id='line_1_17' title="bbox 547 1956 2769 2041; baseline 0.003 -26"><span class='ocrx_word' id='word_1_144' title='bbox 547 1956 758 2019; x_wconf 86' lang='lat' dir='ltr'><strong>ultima</strong></span> <span class='ocrx_word' id='word_1_145' title='bbox 776 1959 902 2039; x_wconf 87' lang='lat' dir='ltr'><strong>pati</strong></span> <span class='ocrx_word' id='word_1_146' title='bbox 925 1972 1166 2041; x_wconf 83' lang='lat' dir='ltr'><strong>paratos</strong></span> <span class='ocrx_word' id='word_1_147' title='bbox 1195 1962 1584 2041; x_wconf 72' lang='lat' dir='ltr'><strong>conspiceret,</strong></span> <span class='ocrx_word' id='word_1_148' title='bbox 1622 1962 1897 2023; x_wconf 88' lang='lat' dir='ltr'><strong>misertus</strong></span> <span class='ocrx_word' id='word_1_149' title='bbox 1946 1964 2199 2023; x_wconf 83' lang='lat' dir='ltr'><strong>virorum</strong></span> <span class='ocrx_word' id='word_1_150' title='bbox 2242 1961 2503 2035; x_wconf 79' lang='lat' dir='ltr'><strong>fortium,</strong></span> <span class='ocrx_word' id='word_1_151' title='bbox 2546 1971 2612 2023; x_wconf 87' lang='lat' dir='ltr'><strong>et</strong></span> <span class='ocrx_word' id='word_1_152' title='bbox 2650 1964 2769 2041; x_wconf 87' lang='lat' dir='ltr'><strong>qui</strong></span> 
     </span>
     <span class='ocr_line' id='line_1_18' title="bbox 546 2053 2767 2137; baseline 0.002 -24"><span class='ocrx_word' id='word_1_153' title='bbox 546 2071 655 2132; x_wconf 85' lang='lat' dir='ltr'><strong>pro</strong></span> <span class='ocrx_word' id='word_1_154' title='bbox 693 2054 814 2115; x_wconf 82' lang='lat' dir='ltr'><strong>fide</strong></span> <span class='ocrx_word' id='word_1_155' title='bbox 853 2053 917 2115; x_wconf 90' lang='lat' dir='ltr'><strong>in</strong></span> <span class='ocrx_word' id='word_1_156' title='bbox 958 2074 1088 2129; x_wconf 90' lang='lat' dir='ltr'><strong>eos,</strong></span> <span class='ocrx_word' id='word_1_157' title='bbox 1113 2075 1152 2117; x_wconf 89' lang='lat' dir='ltr'><strong>a</strong></span> <span class='ocrx_word' id='word_1_158' title='bbox 1177 2058 1390 2136; x_wconf 84' lang='lat' dir='ltr'><strong>quibus</strong></span> <span class='ocrx_word' id='word_1_159' title='bbox 1417 2058 1699 2119; x_wconf 87' lang='lat' dir='ltr'><strong>conducti</strong></span> <span class='ocrx_word' id='word_1_160' title='bbox 1724 2068 1914 2130; x_wconf 87' lang='lat' dir='ltr'><strong>erant,</strong></span> <span class='ocrx_word' id='word_1_161' title='bbox 1942 2057 2106 2119; x_wconf 84' lang='lat' dir='ltr'><strong>baud</strong></span> <span class='ocrx_word' id='word_1_162' title='bbox 2134 2058 2342 2137; x_wconf 85' lang='lat' dir='ltr'><strong>procul</strong></span> <span class='ocrx_word' id='word_1_163' title='bbox 2368 2057 2549 2119; x_wconf 88' lang='lat' dir='ltr'><strong>exitio</strong></span> <span class='ocrx_word' id='word_1_164' title='bbox 2575 2058 2767 2118; x_wconf 87' lang='lat' dir='ltr'><strong>abes-</strong></span> 
     </span>
     <span class='ocr_line' id='line_1_19' title="bbox 547 2148 2761 2232; baseline 0.002 -22"><span class='ocrx_word' id='word_1_165' title='bbox 547 2158 720 2222; x_wconf 77' lang='lat' dir='ltr'><strong>sent,</strong></span> <span class='ocrx_word' id='word_1_166' title='bbox 748 2148 819 2210; x_wconf 89' lang='lat' dir='ltr'><strong>iis</strong></span> <span class='ocrx_word' id='word_1_167' title='bbox 865 2151 1152 2231; x_wconf 88' lang='lat' dir='ltr'><strong>pepercit,</strong></span> <span class='ocrx_word' id='word_1_168' title='bbox 1191 2162 1254 2213; x_wconf 90' lang='lat' dir='ltr'><strong>et</strong></span> <span class='ocrx_word' id='word_1_169' title='bbox 1291 2156 1308 2189; x_wconf 90' lang='lat'>‘</span> <span class='ocrx_word' id='word_1_170' title='bbox 1331 2170 1537 2213; x_wconf 85' lang='lat' dir='ltr'><strong>secum</strong></span> <span class='ocrx_word' id='word_1_171' title='bbox 1580 2153 1863 2214; x_wconf 84' lang='lat' dir='ltr'><strong>militare’</strong></span> <span class='ocrx_word' id='word_1_172' title='bbox 1896 2153 2129 2232; x_wconf 64' lang='lat' dir='ltr'><strong>jussim</strong></span> <span class='ocrx_word' id='word_1_173' title='bbox 2208 2154 2309 2215; x_wconf 89' lang='grc'><strong>20.</strong></span> <span class='ocrx_word' id='word_1_174' title='bbox 2352 2153 2644 2217; x_wconf 80' lang='lat' dir='ltr'><strong>Barbaros</strong></span> <span class='ocrx_word' id='word_1_175' title='bbox 2684 2154 2761 2215; x_wconf 76' lang='lat' dir='ltr'><strong>in</strong></span> 
     </span>
     <span class='ocr_line' id='line_1_20' title="bbox 547 2244 2761 2329; baseline 0.003 -26"><span class='ocrx_word' id='word_1_176' title='bbox 547 2244 694 2305; x_wconf 84' lang='lat' dir='ltr'><strong>urbe</strong></span> <span class='ocrx_word' id='word_1_177' title='bbox 715 2244 1118 2326; x_wconf 82' lang='lat' dir='ltr'><strong>deprehensos</strong></span> <span class='ocrx_word' id='word_1_178' title='bbox 1145 2248 1206 2307; x_wconf 92' lang='lat' dir='ltr'><strong>in</strong></span> <span class='ocrx_word' id='word_1_179' title='bbox 1235 2247 1575 2309; x_wconf 85' lang='lat' dir='ltr'><strong>servitutem</strong></span> <span class='ocrx_word' id='word_1_180' title='bbox 1602 2248 1863 2329; x_wconf 69' lang='lat' dir='ltr'><strong>redegitz</strong></span> <span class='ocrx_word' id='word_1_181' title='bbox 1896 2248 2168 2320; x_wconf 74' lang='lat' dir='ltr'><strong>Milesiis,</strong></span> <span class='ocrx_word' id='word_1_182' title='bbox 2184 2248 2287 2327; x_wconf 92' lang='lat' dir='ltr'><strong>qui</strong></span> <span class='ocrx_word' id='word_1_183' title='bbox 2316 2248 2761 2327; x_wconf 78' lang='lat' dir='ltr'><strong>superfuerant,</strong></span> 
     </span>
     <span class='ocr_line' id='line_1_21' title="bbox 547 2340 2757 2424; baseline 0.001 -23"><span class='ocrx_word' id='word_1_184' title='bbox 547 2340 883 2403; x_wconf 86' lang='lat' dir='ltr'><strong>libertatem</strong></span> <span class='ocrx_word' id='word_1_185' title='bbox 911 2341 1188 2416; x_wconf 75' lang='lat' dir='ltr'><strong>restituit,</strong></span> <span class='ocrx_word' id='word_1_186' title='bbox 1215 2345 1296 2406; x_wconf 89' lang='lat' dir='ltr'><strong>ob</strong></span> <span class='ocrx_word' id='word_1_187' title='bbox 1321 2355 1577 2406; x_wconf 83' lang='lat' dir='ltr'><strong>veterem</strong></span> <span class='ocrx_word' id='word_1_188' title='bbox 1605 2343 1766 2406; x_wconf 85' lang='lat' dir='ltr'><strong>urbis</strong></span> <span class='ocrx_word' id='word_1_189' title='bbox 1793 2343 2083 2424; x_wconf 74' lang='lat' dir='ltr'><strong>gloriam-¹</strong></span> <span class='ocrx_word' id='word_1_190' title='bbox 2158 2344 2415 2405; x_wconf 86' lang='lat' dir='ltr'><strong>Tantum</strong></span> <span class='ocrx_word' id='word_1_191' title='bbox 2442 2344 2598 2404; x_wconf 83' lang='lat' dir='ltr'><strong>enim</strong></span> <span class='ocrx_word' id='word_1_192' title='bbox 2637 2344 2757 2404; x_wconf 87' lang='lat' dir='ltr'><strong>ali.-</strong></span> 
     </span>
     <span class='ocr_line' id='line_1_22' title="bbox 482 2438 2760 2520; baseline 0.001 -23"><span class='ocrx_word' id='word_1_193' title='bbox 482 2513 495 2520; x_wconf 36' lang='lat'><em>-</em></span> <span class='ocrx_word' id='word_1_194' title='bbox 547 2438 792 2518; x_wconf 88' lang='lat' dir='ltr'><strong>quando</strong></span> <span class='ocrx_word' id='word_1_195' title='bbox 817 2439 1029 2520; x_wconf 86' lang='lat' dir='ltr'><strong>opibus</strong></span> <span class='ocrx_word' id='word_1_196' title='bbox 1065 2439 1374 2520; x_wconf 73' lang='lat' dir='ltr'><strong>gloriaque</strong></span> <span class='ocrx_word' id='word_1_197' title='bbox 1410 2439 1657 2502; x_wconf 80' lang='lat' dir='ltr'><strong>Miletus</strong></span> <span class='ocrx_word' id='word_1_198' title='bbox 1704 2440 2004 2512; x_wconf 85' lang='lat' dir='ltr'><strong>floruerat,</strong></span> <span class='ocrx_word' id='word_1_199' title='bbox 2059 2450 2127 2501; x_wconf 90' lang='lat' dir='ltr'><strong>ut</strong></span> <span class='ocrx_word' id='word_1_200' title='bbox 2174 2458 2278 2520; x_wconf 88' lang='lat' dir='ltr'><strong>per</strong></span> <span class='ocrx_word' id='word_1_201' title='bbox 2323 2439 2520 2500; x_wconf 80' lang='lat' dir='ltr'><strong>vicina</strong></span> <span class='ocrx_word' id='word_1_202' title='bbox 2562 2441 2760 2500; x_wconf 77' lang='lat' dir='ltr'><strong>marin.</strong></span> 
     </span>
     <span class='ocr_line' id='line_1_23' title="bbox 549 2534 2755 2614; baseline 0.002 -21"><span class='ocrx_word' id='word_1_203' title='bbox 549 2551 731 2612; x_wconf 85' lang='lat' dir='ltr'><strong>supra</strong></span> <span class='ocrx_word' id='word_1_204' title='bbox 758 2535 1140 2614; x_wconf 74' lang='lat' dir='ltr'><strong>septuaginta</strong></span> <span class='ocrx_word' id='word_1_205' title='bbox 1165 2534 1433 2596; x_wconf 88' lang='lat' dir='ltr'><strong>colonias</strong></span> <span class='ocrx_word' id='word_1_206' title='bbox 1461 2534 1831 2598; x_wconf 68' lang='lat' dir='ltr'><strong>deduci-iu·</strong></span> <span class='ocrx_word' id='word_1_207' title='bbox 1902 2537 2003 2594; x_wconf 87' lang='grc'><strong>21.</strong></span> <span class='ocrx_word' id='word_1_208' title='bbox 2028 2534 2233 2596; x_wconf 85' lang='lat' dir='ltr'><strong>multis</strong></span> <span class='ocrx_word' id='word_1_209' title='bbox 2254 2553 2491 2614; x_wconf 86' lang='lat' dir='ltr'><strong>quoque</strong></span> <span class='ocrx_word' id='word_1_210' title='bbox 2514 2535 2755 2598; x_wconf 80' lang='lat' dir='ltr'><strong>civibus</strong></span> 
     </span>
     <span class='ocr_line' id='line_1_24' title="bbox 551 2627 2757 2714; baseline 0.002 -27"><span class='ocrx_word' id='word_1_211' title='bbox 551 2627 792 2703; x_wconf 85' lang='lat' dir='ltr'><strong>nobilis,</strong></span> <span class='ocrx_word' id='word_1_212' title='bbox 818 2628 921 2711; x_wconf 91' lang='lat' dir='ltr'><strong>qui</strong></span> <span class='ocrx_word' id='word_1_213' title='bbox 947 2629 1008 2688; x_wconf 90' lang='lat' dir='ltr'><strong>in</strong></span> <span class='ocrx_word' id='word_1_214' title='bbox 1037 2630 1222 2691; x_wconf 85' lang='lat' dir='ltr'><strong>sacris</strong></span> <span class='ocrx_word' id='word_1_215' title='bbox 1248 2631 1669 2692; x_wconf 81' lang='lat' dir='ltr'><strong>certaminibus</strong></span> <span class='ocrx_word' id='word_1_216' title='bbox 1696 2632 1953 2710; x_wconf 86' lang='lat' dir='ltr'><strong>palmam</strong></span> <span class='ocrx_word' id='word_1_217' title='bbox 1981 2631 2198 2714; x_wconf 83' lang='lat' dir='ltr'><strong>adepti,</strong></span> <span class='ocrx_word' id='word_1_218' title='bbox 2242 2630 2453 2710; x_wconf 76' lang='lat' dir='ltr'><strong>patriae</strong></span> <span class='ocrx_word' id='word_1_219' title='bbox 2496 2630 2757 2692; x_wconf 89' lang='lat' dir='ltr'><strong>celebri-</strong></span> 
     </span>
     <span class='ocr_line' id='line_1_25' title="bbox 545 2724 2757 2805; baseline 0.002 -21"><span class='ocrx_word' id='word_1_220' title='bbox 545 2731 732 2784; x_wconf 84' lang='lat' dir='ltr'><strong>tatem</strong></span> <span class='ocrx_word' id='word_1_221' title='bbox 759 2733 1081 2784; x_wconf 82' lang='lat' dir='ltr'><strong>auxerant:</strong></span> <span class='ocrx_word' id='word_1_222' title='bbox 1110 2742 1249 2785; x_wconf 89' lang='lat' dir='ltr'><strong>nam</strong></span> <span class='ocrx_word' id='word_1_223' title='bbox 1274 2725 1569 2802; x_wconf 84' lang='lat' dir='ltr'><strong>ejusmodi</strong></span> <span class='ocrx_word' id='word_1_224' title='bbox 1593 2726 1876 2800; x_wconf 62' lang='lat' dir='ltr'><strong>victorias,</strong></span> <span class='ocrx_word' id='word_1_225' title='bbox 1902 2744 2063 2788; x_wconf 90' lang='lat' dir='ltr'><strong>more</strong></span> <span class='ocrx_word' id='word_1_226' title='bbox 2088 2726 2350 2805; x_wconf 86' lang='lat' dir='ltr'><strong>quodam</strong></span> <span class='ocrx_word' id='word_1_227' title='bbox 2378 2724 2757 2802; x_wconf 69' lang='lat' dir='ltr'><strong>Graecorum,</strong></span> 
     </span>
     <span class='ocr_line' id='line_1_26' title="bbox 546 2817 2759 2900; baseline 0.002 -24"><span class='ocrx_word' id='word_1_228' title='bbox 546 2818 701 2880; x_wconf 86' lang='lat' dir='ltr'><strong>inter</strong></span> <span class='ocrx_word' id='word_1_229' title='bbox 723 2819 914 2899; x_wconf 86' lang='lat' dir='ltr'><strong>prima</strong></span> <span class='ocrx_word' id='word_1_230' title='bbox 939 2817 1170 2880; x_wconf 79' lang='lat' dir='ltr'><strong>virtutis</strong></span> <span class='ocrx_word' id='word_1_231' title='bbox 1199 2819 1418 2880; x_wconf 87' lang='lat' dir='ltr'><strong>decora</strong></span> <span class='ocrx_word' id='word_1_232' title='bbox 1436 2831 1735 2882; x_wconf 86' lang='lat' dir='ltr'><strong>censetur.</strong></span> <span class='ocrx_word' id='word_1_233' title='bbox 1797 2823 1898 2882; x_wconf 82' lang='lat'><strong>22.</strong></span> <span class='ocrx_word' id='word_1_234' title='bbox 1941 2821 2011 2880; x_wconf 88' lang='lat' dir='ltr'><strong>ln</strong></span> <span class='ocrx_word' id='word_1_235' title='bbox 2036 2839 2211 2900; x_wconf 89' lang='lat' dir='ltr'><strong>quem</strong></span> <span class='ocrx_word' id='word_1_236' title='bbox 2222 2820 2461 2899; x_wconf 86' lang='lat' dir='ltr'><strong>jocatus</strong></span> <span class='ocrx_word' id='word_1_237' title='bbox 2490 2820 2759 2880; x_wconf 84' lang='lat' dir='ltr'><strong>Alexan-</strong></span> 
     </span>
     <span class='ocr_line' id='line_1_27' title="bbox 547 2913 2755 2995; baseline 0.002 -21"><span class='ocrx_word' id='word_1_238' title='bbox 547 2914 674 2987; x_wconf 89' lang='lat' dir='ltr'><strong>der,</strong></span> <span class='ocrx_word' id='word_1_239' title='bbox 700 2931 922 2995; x_wconf 78' lang='lat' dir='ltr'><strong>magna</strong></span> <span class='ocrx_word' id='word_1_240' title='bbox 944 2913 1324 2977; x_wconf 84' lang='lat' dir='ltr'><strong>multitudine</strong></span> <span class='ocrx_word' id='word_1_241' title='bbox 1351 2927 1681 2978; x_wconf 85' lang='lat' dir='ltr'><strong>statuarum</strong></span> <span class='ocrx_word' id='word_1_242' title='bbox 1714 2914 2078 2994; x_wconf 72' lang='lat' dir='ltr'><strong>conspecta:</strong></span> <span class='ocrx_word' id='word_1_243' title='bbox 2116 2921 2134 2950; x_wconf 75' lang='lat'>⁸</span> <span class='ocrx_word' id='word_1_244' title='bbox 2156 2915 2271 2975; x_wconf 89' lang='lat' dir='ltr'><strong>Ubi</strong></span> <span class='ocrx_word' id='word_1_245' title='bbox 2298 2926 2469 2976; x_wconf 86' lang='lat' dir='ltr'><strong>erant</strong></span> <span class='ocrx_word' id='word_1_246' title='bbox 2494 2914 2755 2978; x_wconf 83' lang='lat' dir='ltr'><strong>istorum</strong></span> 
     </span>
     <span class='ocr_line' id='line_1_28' title="bbox 544 3007 2757 3090; baseline 0.001 -22"><span class='ocrx_word' id='word_1_247' title='bbox 544 3007 790 3081; x_wconf 86' lang='lat' dir='ltr'><strong>lacerti,&#39;</strong></span> <span class='ocrx_word' id='word_1_248' title='bbox 816 3008 1028 3087; x_wconf 87' lang='lat' dir='ltr'><strong>inquit,</strong></span> <span class='ocrx_word' id='word_1_249' title='bbox 1057 3015 1078 3044; x_wconf 74' lang='lat'>⁸</span> <span class='ocrx_word' id='word_1_250' title='bbox 1093 3028 1230 3070; x_wconf 81' lang='lat' dir='ltr'><strong>curn</strong></span> <span class='ocrx_word' id='word_1_251' title='bbox 1245 3010 1575 3076; x_wconf 74' lang='lat' dir='ltr'><strong>,Persarum</strong></span> <span class='ocrx_word' id='word_1_252' title='bbox 1584 3011 1799 3090; x_wconf 85' lang='lat' dir='ltr'><strong>jugum</strong></span> <span class='ocrx_word' id='word_1_253' title='bbox 1824 3009 2173 3090; x_wconf 66' lang='lat' dir='ltr'><strong>recepistis?</strong></span> <span class='ocrx_word' id='word_1_254' title='bbox 2193 3008 2210 3035; x_wconf 77' lang='lat'><strong><em>⁹</em></strong></span> <span class='ocrx_word' id='word_1_255' title='bbox 2233 3010 2453 3090; x_wconf 87' lang='lat' dir='ltr'><strong>quippe</strong></span> <span class='ocrx_word' id='word_1_256' title='bbox 2484 3009 2569 3070; x_wconf 80' lang='lat' dir='ltr'><strong>rir</strong></span> <span class='ocrx_word' id='word_1_257' title='bbox 2592 3021 2757 3070; x_wconf 83' lang='lat' dir='ltr'><strong>stre-</strong></span> 
     </span>
     <span class='ocr_line' id='line_1_29' title="bbox 545 3101 2753 3183; baseline 0.002 -24"><span class='ocrx_word' id='word_1_258' title='bbox 545 3119 728 3173; x_wconf 84' lang='lat' dir='ltr'><strong>nnus,</strong></span> <span class='ocrx_word' id='word_1_259' title='bbox 753 3112 814 3161; x_wconf 90' lang='lat' dir='ltr'><strong>et</strong></span> <span class='ocrx_word' id='word_1_260' title='bbox 841 3101 918 3160; x_wconf 91' lang='lat' dir='ltr'><strong>ad</strong></span> <span class='ocrx_word' id='word_1_261' title='bbox 943 3103 1206 3162; x_wconf 86' lang='lat' dir='ltr'><strong>bellandi</strong></span> <span class='ocrx_word' id='word_1_262' title='bbox 1233 3123 1410 3164; x_wconf 83' lang='lat' dir='ltr'><strong>usum</strong></span> <span class='ocrx_word' id='word_1_263' title='bbox 1436 3117 1657 3164; x_wconf 88' lang='lat' dir='ltr'><strong>cuncta</strong></span> <span class='ocrx_word' id='word_1_264' title='bbox 1682 3105 1961 3177; x_wconf 83' lang='lat' dir='ltr'><strong>referens,</strong></span> <span class='ocrx_word' id='word_1_265' title='bbox 1982 3103 2437 3183; x_wconf 76' lang='lat' dir='ltr'><strong>ignominiosum</strong></span> <span class='ocrx_word' id='word_1_266' title='bbox 2463 3103 2753 3178; x_wconf 88' lang='lat' dir='ltr'><strong>ducebat,</strong></span> 
     </span>
     <span class='ocr_line' id='line_1_30' title="bbox 546 3193 2756 3278; baseline 0.002 -24"><span class='ocrx_word' id='word_1_267' title='bbox 546 3193 814 3254; x_wconf 86' lang='lat' dir='ltr'><strong>debitum</strong></span> <span class='ocrx_word' id='word_1_268' title='bbox 857 3195 1021 3256; x_wconf 81' lang='lat' dir='ltr'><strong>seriis</strong></span> <span class='ocrx_word' id='word_1_269' title='bbox 1067 3199 1485 3260; x_wconf 85' lang='lat' dir='ltr'><strong>certaminibus</strong></span> <span class='ocrx_word' id='word_1_270' title='bbox 1532 3199 1729 3271; x_wconf 84' lang='lat' dir='ltr'><strong>robur,</strong></span> <span class='ocrx_word' id='word_1_271' title='bbox 1776 3199 1855 3258; x_wconf 91' lang='lat' dir='ltr'><strong>ad</strong></span> <span class='ocrx_word' id='word_1_272' title='bbox 1901 3198 2267 3278; x_wconf 80' lang='lat' dir='ltr'><strong>voluptatem</strong></span> <span class='ocrx_word' id='word_1_273' title='bbox 2313 3197 2514 3258; x_wconf 83' lang='lat' dir='ltr'><strong>inertis</strong></span> <span class='ocrx_word' id='word_1_274' title='bbox 2556 3199 2756 3278; x_wconf 73' lang='lat' dir='ltr'><strong>vulgi,</strong></span> 
     </span>
     <span class='ocr_line' id='line_1_31' title="bbox 545 3288 2757 3372; baseline 0.003 -24"><span class='ocrx_word' id='word_1_275' title='bbox 545 3288 708 3348; x_wconf 88' lang='lat' dir='ltr'><strong>inani</strong></span> <span class='ocrx_word' id='word_1_276' title='bbox 733 3290 1128 3350; x_wconf 86' lang='lat' dir='ltr'><strong>ostentatione</strong></span> <span class='ocrx_word' id='word_1_277' title='bbox 1153 3309 1521 3354; x_wconf 85' lang='lat' dir='ltr'><strong>consumere.</strong></span> <span class='ocrx_word' id='word_1_278' title='bbox 1606 3295 1703 3353; x_wconf 91' lang='grc'><strong>23.</strong></span> <span class='ocrx_word' id='word_1_279' title='bbox 1749 3293 1983 3354; x_wconf 85' lang='lat' dir='ltr'><strong>Interea</strong></span> <span class='ocrx_word' id='word_1_280' title='bbox 2006 3294 2245 3366; x_wconf 74' lang='lat' dir='ltr'><strong>milites,</strong></span> <span class='ocrx_word' id='word_1_281' title='bbox 2270 3294 2413 3372; x_wconf 87' lang='lat' dir='ltr'><strong>quia</strong></span> <span class='ocrx_word' id='word_1_282' title='bbox 2438 3294 2495 3352; x_wconf 83' lang='lat' dir='ltr'><strong>vi</strong></span> <span class='ocrx_word' id='word_1_283' title='bbox 2536 3293 2757 3354; x_wconf 88' lang='lat' dir='ltr'><strong>introi-</strong></span> 
     </span>
     <span class='ocr_line' id='line_1_32' title="bbox 545 3385 2757 3468; baseline 0.002 -23"><span class='ocrx_word' id='word_1_284' title='bbox 545 3396 672 3446; x_wconf 88' lang='lat' dir='ltr'><strong>tum</strong></span> <span class='ocrx_word' id='word_1_285' title='bbox 719 3396 866 3458; x_wconf 85' lang='lat' dir='ltr'><strong>erat,</strong></span> <span class='ocrx_word' id='word_1_286' title='bbox 913 3385 1087 3446; x_wconf 87' lang='lat' dir='ltr'><strong>obvia</strong></span> <span class='ocrx_word' id='word_1_287' title='bbox 1133 3406 1389 3467; x_wconf 66' lang='lat' dir='ltr'><strong>qumque</strong></span> <span class='ocrx_word' id='word_1_288' title='bbox 1437 3385 1803 3468; x_wconf 86' lang='lat' dir='ltr'><strong>diripientes,</strong></span> <span class='ocrx_word' id='word_1_289' title='bbox 1847 3389 1924 3448; x_wconf 87' lang='lat' dir='ltr'><strong>ad</strong></span> <span class='ocrx_word' id='word_1_290' title='bbox 1972 3388 2177 3449; x_wconf 78' lang='lat' dir='ltr'><strong>fanum</strong></span> <span class='ocrx_word' id='word_1_291' title='bbox 2204 3387 2437 3448; x_wconf 86' lang='lat' dir='ltr'><strong>Cereris</strong></span> <span class='ocrx_word' id='word_1_292' title='bbox 2458 3406 2757 3466; x_wconf 80' lang='lat' dir='ltr'><strong>pervene-</strong></span> 
     </span>
     <span class='ocr_line' id='line_1_33' title="bbox 543 3481 2753 3564; baseline 0 -20"><span class='ocrx_word' id='word_1_293' title='bbox 543 3491 680 3544; x_wconf 88' lang='lat' dir='ltr'><strong>rant</strong></span> <span class='ocrx_word' id='word_1_294' title='bbox 703 3486 758 3541; x_wconf 81' lang='lat'><strong>:&#39;¹</strong></span> <span class='ocrx_word' id='word_1_295' title='bbox 812 3481 972 3562; x_wconf 88' lang='lat' dir='ltr'><strong>quod</strong></span> <span class='ocrx_word' id='word_1_296' title='bbox 1016 3501 1152 3544; x_wconf 85' lang='lat' dir='ltr'><strong>cum</strong></span> <span class='ocrx_word' id='word_1_297' title='bbox 1201 3483 1585 3564; x_wconf 78' lang='lat' dir='ltr'><strong>exspoliaturi</strong></span> <span class='ocrx_word' id='word_1_298' title='bbox 1612 3483 1855 3562; x_wconf 84' lang='lat' dir='ltr'><strong>quidam</strong></span> <span class='ocrx_word' id='word_1_299' title='bbox 1882 3483 2249 3562; x_wconf 83' lang='lat' dir='ltr'><strong>irrupissent,</strong></span> <span class='ocrx_word' id='word_1_300' title='bbox 2273 3483 2429 3562; x_wconf 78' lang='lat' dir='ltr'><strong>ignis</strong></span> <span class='ocrx_word' id='word_1_301' title='bbox 2456 3502 2531 3544; x_wconf 91' lang='lat' dir='ltr'><strong>ex</strong></span> <span class='ocrx_word' id='word_1_302' title='bbox 2554 3502 2753 3563; x_wconf 86' lang='lat' dir='ltr'><strong>pene-</strong></span> 
     </span>
     <span class='ocr_line' id='line_1_34' title="bbox 543 3576 2747 3658; baseline 0.001 -18"><span class='ocrx_word' id='word_1_303' title='bbox 543 3580 794 3640; x_wconf 86' lang='lat' dir='ltr'><strong>tralibus</strong></span> <span class='ocrx_word' id='word_1_304' title='bbox 831 3578 982 3638; x_wconf 76' lang='lat' dir='ltr'><strong>oedis</strong></span> <span class='ocrx_word' id='word_1_305' title='bbox 1025 3587 1266 3658; x_wconf 80' lang='lat' dir='ltr'><strong>repente</strong></span> <span class='ocrx_word' id='word_1_306' title='bbox 1293 3579 1555 3640; x_wconf 85' lang='lat' dir='ltr'><strong>emicans</strong></span> <span class='ocrx_word' id='word_1_307' title='bbox 1584 3577 2005 3658; x_wconf 76' lang='lat' dir='ltr'><strong>sacrilegorum</strong></span> <span class='ocrx_word' id='word_1_308' title='bbox 2030 3577 2241 3639; x_wconf 87' lang='lat' dir='ltr'><strong>oculos</strong></span> <span class='ocrx_word' id='word_1_309' title='bbox 2284 3576 2550 3638; x_wconf 85' lang='lat' dir='ltr'><strong>extinxit.</strong></span> <span class='ocrx_word' id='word_1_310' title='bbox 2634 3582 2747 3642; x_wconf 82' lang='lat'><strong>24.</strong></span> 
     </span>
     <span class='ocr_line' id='line_1_35' title="bbox 547 3673 2751 3753; baseline 0.001 -21"><span class='ocrx_word' id='word_1_311' title='bbox 547 3673 665 3735; x_wconf 90' lang='lat' dir='ltr'><strong>Hic</strong></span> <span class='ocrx_word' id='word_1_312' title='bbox 689 3675 866 3734; x_wconf 85' lang='lat' dir='ltr'><strong>etiam</strong></span> <span class='ocrx_word' id='word_1_313' title='bbox 898 3674 1336 3752; x_wconf 79' lang='lat' dir='ltr'><strong>progenitorum</strong></span> <span class='ocrx_word' id='word_1_314' title='bbox 1352 3692 1593 3735; x_wconf 86' lang='lat' dir='ltr'><strong>suorum</strong></span> <span class='ocrx_word' id='word_1_315' title='bbox 1613 3683 1994 3736; x_wconf 85' lang='lat' dir='ltr'><strong>monumenta</strong></span> <span class='ocrx_word' id='word_1_316' title='bbox 2020 3673 2355 3735; x_wconf 83' lang='lat' dir='ltr'><strong>Alexander</strong></span> <span class='ocrx_word' id='word_1_317' title='bbox 2382 3674 2619 3753; x_wconf 87' lang='lat' dir='ltr'><strong>reperit,</strong></span> <span class='ocrx_word' id='word_1_318' title='bbox 2646 3675 2751 3734; x_wconf 89' lang='lat' dir='ltr'><strong>in-</strong></span> 
     </span>
     <span class='ocr_line' id='line_1_36' title="bbox 549 3768 2749 3852; baseline -0 -19"><span class='ocrx_word' id='word_1_319' title='bbox 549 3780 756 3850; x_wconf 79' lang='lat' dir='ltr'><strong>specto</strong></span> <span class='ocrx_word' id='word_1_320' title='bbox 798 3769 984 3840; x_wconf 81' lang='lat' dir='ltr'><strong>fonte,</strong></span> <span class='ocrx_word' id='word_1_321' title='bbox 1027 3769 1198 3847; x_wconf 85' lang='lat' dir='ltr'><strong>cujus</strong></span> <span class='ocrx_word' id='word_1_322' title='bbox 1231 3787 1390 3848; x_wconf 83' lang='lat' dir='ltr'><strong>aqua</strong></span> <span class='ocrx_word' id='word_1_323' title='bbox 1416 3787 1488 3830; x_wconf 85' lang='lat' dir='ltr'><strong>ex</strong></span> <span class='ocrx_word' id='word_1_324' title='bbox 1516 3770 1649 3852; x_wconf 83' lang='lat' dir='ltr'><strong>ipso</strong></span> <span class='ocrx_word' id='word_1_325' title='bbox 1676 3769 2048 3849; x_wconf 81' lang='lat' dir='ltr'><strong>scaturiginis</strong></span> <span class='ocrx_word' id='word_1_326' title='bbox 2076 3768 2246 3830; x_wconf 88' lang='lat' dir='ltr'><strong>labro</strong></span> <span class='ocrx_word' id='word_1_327' title='bbox 2268 3769 2487 3830; x_wconf 85' lang='lat' dir='ltr'><strong>hausta</strong></span> <span class='ocrx_word' id='word_1_328' title='bbox 2512 3769 2749 3832; x_wconf 79' lang='lat' dir='ltr'><strong>salsum</strong></span> 
     </span>
    </p>
   </div>
   <div class='ocr_carea' id='block_1_3' title="bbox 609 3965 2649 4172">
    <p class='ocr_par' dir='ltr' id='par_1_3' title="bbox 609 3965 2649 4172">
     <span class='ocr_line' id='line_1_37' title="bbox 609 3965 2649 4032; baseline 0 -18"><span class='ocrx_word' id='word_1_329' title='bbox 609 3973 633 3996; x_wconf 85' lang='lat'><em>⁰</em></span> <span class='ocrx_word' id='word_1_330' title='bbox 665 3966 814 4017; x_wconf 90' lang='lat' dir='ltr'><strong>Curt.</strong></span> <span class='ocrx_word' id='word_1_331' title='bbox 834 3980 956 4020; x_wconf 75' lang='lat' dir='ltr'><strong>viu.</strong></span> <span class='ocrx_word' id='word_1_332' title='bbox 975 3973 1024 4018; x_wconf 75' lang='lat'><strong>2.</strong></span> <span class='ocrx_word' id='word_1_333' title='bbox 1044 3973 1096 4020; x_wconf 80' lang='grc'><strong>8.</strong></span> <span class='ocrx_word' id='word_1_334' title='bbox 1746 3977 1765 4002; x_wconf 86' lang='grc'>·</span> <span class='ocrx_word' id='word_1_335' title='bbox 1794 3967 1971 4019; x_wconf 78' lang='lat' dir='ltr'><strong>Strab-</strong></span> <span class='ocrx_word' id='word_1_336' title='bbox 1995 3981 2047 4032; x_wconf 85' lang='lat' dir='ltr'><strong>p.</strong></span> <span class='ocrx_word' id='word_1_337' title='bbox 2068 3971 2185 4018; x_wconf 72' lang='lat'><strong>6⁸⁵.</strong></span> <span class='ocrx_word' id='word_1_338' title='bbox 2239 3965 2377 4016; x_wconf 73' lang='lat' dir='ltr'><strong>Ptin.</strong></span> <span class='ocrx_word' id='word_1_339' title='bbox 2400 3978 2439 4014; x_wconf 84' lang='lat'><strong>1.</strong></span> <span class='ocrx_word' id='word_1_340' title='bbox 2458 3968 2541 4015; x_wconf 75' lang='lat'><strong>29.</strong></span> <span class='ocrx_word' id='word_1_341' title='bbox 2566 3967 2649 4014; x_wconf 71' lang='lat'><strong>1⁶.</strong></span> 
     </span>
     <span class='ocr_line' id='line_1_38' title="bbox 609 4039 2399 4108; baseline 0.003 -22"><span class='ocrx_word' id='word_1_342' title='bbox 609 4045 638 4078; x_wconf 75' lang='lat'><em>⁹</em></span> <span class='ocrx_word' id='word_1_343' title='bbox 671 4039 876 4090; x_wconf 78' lang='lat' dir='ltr'><strong>Arriau.</strong></span> <span class='ocrx_word' id='word_1_344' title='bbox 897 4056 934 4091; x_wconf 84' lang='lat' dir='ltr'><strong>r.</strong></span> <span class='ocrx_word' id='word_1_345' title='bbox 955 4047 1038 4094; x_wconf 80' lang='lat'><strong>2⁰.</strong></span> <span class='ocrx_word' id='word_1_346' title='bbox 1745 4047 1762 4077; x_wconf 75' lang='lat'>⁸</span> <span class='ocrx_word' id='word_1_347' title='bbox 1795 4046 1941 4095; x_wconf 85' lang='lat' dir='ltr'><strong>Plut.</strong></span> <span class='ocrx_word' id='word_1_348' title='bbox 1964 4043 2233 4108; x_wconf 77' lang='lat' dir='ltr'><strong>Apophtb.</strong></span> <span class='ocrx_word' id='word_1_349' title='bbox 2250 4057 2298 4094; x_wconf 92' lang='lat' dir='ltr'><strong>c.</strong></span> <span class='ocrx_word' id='word_1_350' title='bbox 2314 4045 2399 4092; x_wconf 72' lang='lat'><strong>⁸¹1.</strong></span> 
     </span>
     <span class='ocr_line' id='line_1_39' title="bbox 611 4114 2611 4172; baseline 0.001 -8"><span class='ocrx_word' id='word_1_351' title='bbox 611 4121 637 4157; x_wconf 67' lang='grc' dir='ltr'><strong>(Ι</strong></span> <span class='ocrx_word' id='word_1_352' title='bbox 671 4114 753 4165; x_wconf 88' lang='lat' dir='ltr'><strong>ld.</strong></span> <span class='ocrx_word' id='word_1_353' title='bbox 777 4116 813 4164; x_wconf 82' lang='lat'><strong>1.</strong></span> <span class='ocrx_word' id='word_1_354' title='bbox 837 4117 870 4165; x_wconf 89' lang='grc' dir='ltr'><strong>Ι.</strong></span> <span class='ocrx_word' id='word_1_355' title='bbox 1742 4130 1767 4155; x_wconf 82' lang='lat'><strong>¹¹</strong></span> <span class='ocrx_word' id='word_1_356' title='bbox 1802 4121 1978 4172; x_wconf 79' lang='lat' dir='ltr'><strong>valer.</strong></span> <span class='ocrx_word' id='word_1_357' title='bbox 2006 4119 2148 4170; x_wconf 82' lang='lat' dir='ltr'><strong>Msx.</strong></span> <span class='ocrx_word' id='word_1_358' title='bbox 2171 4131 2205 4170; x_wconf 82' lang='lat'><strong>1.</strong></span> <span class='ocrx_word' id='word_1_359' title='bbox 2232 4122 2280 4171; x_wconf 88' lang='lat'><strong>1.</strong></span> <span class='ocrx_word' id='word_1_360' title='bbox 2316 4117 2533 4168; x_wconf 78' lang='lat' dir='ltr'><strong>Extern.</strong></span> <span class='ocrx_word' id='word_1_361' title='bbox 2554 4119 2611 4166; x_wconf 77' lang='lat'><strong>5.</strong></span> 
     </span>
    </p>
   </div>
   <div class='ocr_carea' id='block_1_4' title="bbox 609 4189 1564 4258">
    <p class='ocr_par' dir='ltr' id='par_1_4' title="bbox 609 4189 1564 4258">
     <span class='ocr_line' id='line_1_40' title="bbox 609 4189 1564 4258; baseline 0.005 -19"><span class='ocrx_word' id='word_1_362' title='bbox 609 4197 630 4254; x_wconf 59' lang='grc' dir='ltr'><strong>ξ’</strong></span> <span class='ocrx_word' id='word_1_363' title='bbox 660 4189 864 4243; x_wconf 77' lang='lat' dir='ltr'><strong>Arrian.</strong></span> <span class='ocrx_word' id='word_1_364' title='bbox 889 4191 923 4243; x_wconf 87' lang='grc' dir='ltr'><strong>Ι.</strong></span> <span class='ocrx_word' id='word_1_365' title='bbox 949 4192 986 4242; x_wconf 93' lang='lat' dir='ltr'><strong>l.</strong></span> <span class='ocrx_word' id='word_1_366' title='bbox 1037 4193 1190 4244; x_wconf 85' lang='lat' dir='ltr'><strong>Diod.</strong></span> <span class='ocrx_word' id='word_1_367' title='bbox 1215 4205 1356 4246; x_wconf 81' lang='lat' dir='ltr'><strong>xvu.</strong></span> <span class='ocrx_word' id='word_1_368' title='bbox 1379 4197 1564 4258; x_wconf 61' lang='lat' dir='ltr'><strong>1³05?ss-</strong></span> 
     </span>
    </p>
   </div>
  </div>
 </body>
</html>
