2858 4782
463 340 592 405 130
1253 356 1310 403 J.
1361 353 1873 403 rusiusnmau

462 495 642 555 duum
692 504 838 566 erat,
888 495 1122 575 legatus
1167 514 1372 555 eorum
1403 492 1481 555 ad
1508 493 1912 555 adulationem
1942 494 2235 574 confugit,
2260 515 2386 575 qua
2410 500 2675 559 maxime

461 592 916 671 expugnabilem
961 602 1156 663 norat,
1199 590 1467 669 dixitque
1520 589 1851 651 ‘dedecere
1896 591 2131 651 culmen
2176 592 2387 670 ipsius,
2432 594 2483 652 si
2530 594 2677 653 Diis

461 686 684 766 aliquid
729 698 1128 761 consecraret,
1165 706 1300 747 cum
1341 688 1472 767 ipse
1502 687 1669 747 Deus
1699 697 1899 747 esset:
1942 706 2081 747 nam
2118 706 2253 746 eum
2280 687 2564 748 bonorem
2594 691 2681 747 ab

459 784 796 844 hominibus
823 783 1024 843 haberi
1051 784 1266 863 potiori
1295 782 1567 843 naturae!
1649 784 1747 841 35.
1792 782 1881 841 Ea
1910 781 2115 859 gloriae
2160 784 2465 843 contentio
2508 786 2677 843 inter

458 881 780 941 maximum
831 898 1026 957 regem
1073 894 1134 939 et
1178 898 1356 940 unam
1398 880 1697 939 civitatem
1746 879 1906 937 fuit:
1948 879 2337 939 obtinuerunt
2382 880 2675 958 Ephesii;

459 988 521 1035 et
546 975 880 1033 maluerunt
903 974 1132 1051 ingenti
1157 974 1412 1053 pecunia
1438 993 1661 1046 carere,
1688 994 1867 1055 quam
1898 974 2209 1033 instaurati
2252 975 2457 1053 templi
2486 975 2679 1035 titulo

457 1070 582 1151 regi
609 1069 840 1131 cedere.
923 1070 1021 1128 36.
1067 1068 1220 1129 Nam
1249 1078 1507 1149 quantos
1534 1069 1681 1128 inid
1710 1088 1861 1148 opus
1888 1078 2122 1129 sumtus
2150 1069 2535 1143 contulerint,
2562 1070 2673 1129 vel

459 1186 533 1226 ex
549 1186 670 1225 una
696 1163 902 1225 tabula
921 1165 1211 1224 aestimare
1236 1164 1394 1237 licet,
1422 1184 1605 1243 quam
1633 1167 1712 1225 ibi
1742 1165 2191 1238 dedicaverunt,
2230 1164 2443 1244 viginti
2470 1166 2678 1225 talen-

458 1264 532 1321 tis
563 1260 688 1319 auri
713 1260 1055 1322 redemtam.
1135 1260 1481 1321 Alexander
1506 1271 1653 1335 erat,
1678 1262 1903 1322 fulmen
1932 1270 2167 1335 tenens,
2193 1261 2679 1340 quem-inimita-

457 1356 560 1416 bili
609 1354 958 1418 dexteritate
1005 1354 1244 1434 Apelles
1287 1366 1697 1434 expresserat:
1717 1355 1743 1390 ‘²
1782 1366 2039 1436 quatuor
2082 1367 2315 1418 tantum
2362 1357 2679 1420 coloribus

458 1470 625 1522 usne,
653 1472 773 1531 quo
801 1450 989 1529 majus
1017 1451 1217 1531 peritis
1247 1452 1593 1511 miraculum
1616 1462 1799 1513 esset.

540 1548 626 1605 VI
634 1548 677 1605 1.
767 1548 822 1605 1.
865 1548 992 1607 Sub
1018 1545 1174 1607 idem
1203 1557 1437 1628 tempus
1476 1549 1705 1628 antiqui
1752 1548 2085 1627 splendoris
2122 1549 2331 1610 sedem
2372 1550 2679 1630 Smyrnaei

458 1654 826 1721 receperunt,
853 1653 1167 1724 postquam
1199 1643 1497 1723 Lydorum
1528 1645 1707 1705 armis
1734 1646 1939 1705 excisa
1964 1655 2163 1705 vetere
2186 1646 2487 1727 Smyrna,⁸
2512 1664 2683 1725 qua-

457 1736 805 1817 dringentos
831 1758 936 1817 per
965 1758 1156 1798 annos
1183 1738 1422 1799 vicatim
1448 1739 1903 1801 habitavissent.
1988 1740 2271 1801 Restituit
2296 1760 2431 1801 eam
2458 1760 2563 1801 rex
2582 1742 2679 1801 vi·

457 1834 606 1911 ginti
633 1835 814 1893 ferme
845 1833 1051 1895 stadiis
1071 1833 1254 1893 asolo
1281 1834 1547 1913 antiquae
1572 1835 1753 1906 urbis,
1780 1836 2011 1897 somnio
2042 1837 2352 1897 monitus?
2404 1838 2463 1895 2.
2494 1837 2679 1899 Sole-

454 1929 562 1987 bat
587 1927 942 1999 Alexander,
983 1946 1118 1987 cum
1158 1946 1200 1987 a
1243 1928 1564 2006 majoribus
1596 1930 1848 2007 negotiis
1878 1941 2136 2003 vacaret,
2164 1930 2351 1990 otium
2380 1932 2671 1991 venando

458 2022 750 2109 exim-ere:
793 2022 943 2082 forte
981 2022 1240 2083 exercito
1264 2042 1515 2103 corpore
1546 2025 1749 2090 fessus
1777 2028 1833 2085 in
1865 2026 2035 2105 Pago
2062 2036 2263 2086 monte
2290 2026 2679 2087 obdormive-

458 2128 590 2177 rat:
619 2118 701 2176 ibi
726 2137 830 2197 per
845 2118 1104 2197 quietem
1133 2118 1296 2179 visus
1325 2131 1418 2179 est
1446 2120 1652 2179 audire
1684 2121 1740 2179 N
1743 2140 1970 2181 emeres
1998 2126 2273 2200 (quarum
2300 2121 2359 2181 in
2388 2122 2670 2200 proximo

457 2214 660 2273 fanum
699 2218 854 2287 erat)
889 2212 1267 2291 imperantes,
1309 2221 1326 2249 ‘
1351 2224 1419 2274 ut
1443 2234 1518 2275 eo
1548 2216 1681 2295 ipso
1723 2217 1857 2277 loeo
1896 2219 2103 2277 urbem
2140 2218 2443 2288 conderet,
2480 2218 2671 2295 inque

455 2328 583 2369 eam
615 2310 954 2389 Smyrna-os
981 2308 1348 2369 deduceret!
1403 2312 1467 2371 3.
1500 2309 1570 2369 Id
1600 2310 1957 2372 insomnium
1988 2330 2123 2371 mox
2152 2311 2339 2371 Clarii
2365 2310 2666 2389 Apollinis

455 2407 758 2466 oraculum
785 2406 1173 2479 confirmavit,
1191 2406 1518 2484 Smyrnoeis
1533 2407 1988 2467 consulentibus
2020 2417 2039 2443 ⁸
2061 2427 2343 2488 prospere
2358 2427 2667 2468 cessuram

457 2503 864 2580 migrationem
885 2501 900 2526 '
961 2501 1330 2580 promittens.
1415 2501 1509 2561 lta
1552 2502 1947 2562 fundamenta
1991 2522 2168 2562 novoe
2214 2503 2376 2562 urbis
2418 2503 2669 2582 imperio

456 2599 614 2675 regis
657 2599 825 2676 jacta
867 2607 1039 2665 suntz
1081 2596 1374 2656 absolutoe
1410 2596 1663 2676 >gloriam
1711 2598 2049 2676 Antigonus
2098 2597 2251 2670 tulit,
2296 2616 2436 2656 cum
2464 2599 2671 2678 ipsum

455 2694 636 2772 paulo
667 2704 806 2773 post
848 2692 1186 2752 Alexander
1234 2690 1438 2771 Lydiae
1478 2691 1896 2772 Phrygiaque,
1936 2703 2001 2752 et
2040 2693 2251 2752 vicinis
2296 2693 2668 2772 regionibus,

454 2791 900 2870 praeposuisset.
935 2847 944 2854 ,
979 2792 1040 2849 4.
1108 2789 1176 2846 In
1225 2788 1537 2868 Smyrnoeo
1592 2789 1727 2847 sinu
1784 2788 2144 2848 Clazomenii
2197 2786 2488 2861 habitant,
2534 2809 2669 2868 qua

455 2886 936 2964 angustissimum
964 2893 1059 2944 est
1084 2883 1319 2952 solum3
1361 2883 1547 2962 quod,
1574 2893 1989 2962 procurrentes
2040 2885 2101 2943 in
2128 2901 2291 2942 mare
2330 2894 2517 2943 terras
2552 2905 2668 2964 per

455 2982 765 3059 sexaginta
811 2979 992 3038 ferme
1035 2979 1233 3038 stadia
1274 2980 1602 3039 continenti
1647 2989 2000 3051 annectens,
2032 2978 2369 3058 peninsula
2396 2978 2665 3058 speciem

455 3077 678 3137 efficite
753 3079 814 3134 5.
857 3075 1123 3132 Alterum
1155 3069 1354 3132 isthmi
1385 3074 1547 3135 latus
1576 3094 1651 3133 ex
1676 3073 1931 3134 adverso
1961 3074 2473 3134 Clazomeniorum
2500 3075 2663 3134 Teos

455 3179 744 3247 occupat:
785 3169 848 3226 in
871 3177 1136 3226 extremo
1161 3167 1497 3246 peninsula
1524 3187 1711 3228 cornu
1742 3169 2013 3248 Erythrse
2044 3179 2225 3236 sunt:
2262 3179 2389 3228 tum
2416 3186 2665 3248 quoque

455 3264 710 3324 fatidicis
739 3262 1077 3324 mulieribus
1105 3261 1344 3340 inclytae
1365 3282 1381 3322 z
1401 3263 1425 3298 ‘¹
1458 3262 1633 3340 juxta
1658 3282 1810 3341 quas
1838 3283 2012 3324 mons
2038 3263 2389 3335 altissimus,
2416 3263 2663 3335 Mimas,

453 3361 667 3422 insulse
715 3359 1000 3419 Chiorum
1037 3359 1350 3439 oppositus
1379 3377 1541 3418 mare
1568 3369 1947 3438 prospectam
1991 3359 2211 3419 deinde
2234 3359 2519 3438 paulatim
2546 3359 2665 3420 de·-

451 3458 710 3538 pressior
729 3456 888 3516 hand
919 3456 1122 3535 procul
1143 3455 1434 3535 angustiis
1462 3456 1973 3516 Clazomeniorum
2000 3455 2061 3514 in
2100 3454 2365 3532 aquales
2406 3473 2663 3532 campos

453 3554 692 3614 desinit.
771 3555 829 3612 6.
875 3553 1022 3612 Eam
1061 3553 1180 3612 loci
1226 3563 1499 3611 naturam
1528 3551 1965 3630 contemplatus
1992 3549 2356 3620 Alexander,
2384 3549 2663 3610 faucibus

451 3649 744 3710 intercisis
769 3647 1354 3724 auferrecontinenti
1378 3647 1660 3719 decuerit,
1700 3658 1769 3706 ut
1798 3645 2066 3726 Erythris
2090 3653 2157 3705 et
2190 3643 2467 3704 Mimanti
2494 3663 2663 3705 mare

453 3745 994 3818 circumfunderet?
1019 3763 1090 3803 ac
1119 3744 1479 3823 superiorem
1508 3742 1963 3820 inferioremque
2008 3741 2199 3801 sinum
2242 3740 2657 3819 conjungeret.

519 3964 544 3998 ¹¹
577 3965 713 4016 Plin.
731 3965 768 4015 l.
792 3966 826 4016 l.
847 3970 930 4016 88.
1658 3971 1682 3998 ⁴²
1708 3961 1851 4012 Ptin.
1878 3961 1914 4013 l.
1934 3961 1969 4011 l.
1990 3973 2044 4011 V.
2062 3965 2143 4012 29.
2166 3965 2251 4010 21.

520 4048 547 4074 ⁸
573 4041 746 4090 strab.
767 4053 887 4094 ‘xm
911 4057 965 4104 p.
983 4043 1104 4090 6⁴⁶.
1654 4037 1680 4073 δ
1712 4037 1938 4086 Pausan.
1966 4051 2069 4087 vu.
2136 4043 2183 4088 θ

519 4115 544 4150 b
579 4115 799 4178 Pansae.
821 4129 922 4166 vu.
974 4113 1513 4166 Aristid.0rat.eonf.
1655 4119 1679 4146 0
1713 4111 1910 4164 Plin.l.
1932 4111 1968 4160 l.

458 4199 515 4244 et
535 4192 709 4243 Strab.
729 4192 764 4240 l.
790 4191 827 4241 l.
