2858 4782
531 339 660 408 112
883 305 888 309 ’
1303 348 1364 399 ³.
1411 346 1915 406 rasiusunuu

528 503 811 567 mentum,
837 489 1164 553 invexerint
1187 488 1346 550 vites.
1432 486 1588 548 Illud
1635 486 1815 548 etiam
1864 483 2257 546 admiratione
2292 484 2533 566 dignum
2564 504 2682 566 pro-

531 590 709 662 ditur,
725 587 886 669 quod
915 588 1073 647 circa
1099 586 1266 646 canis
1294 594 1584 654 exortum,
1606 583 1796 642 ventis
1826 579 2199 661 depressiora
2222 582 2613 652 turbantibus,
2631 583 2683 639 in

532 702 760 746 summo
788 683 932 744 Idoei
949 681 1084 763 jugi
1110 681 1416 742 cacumine
1444 677 1679 758 quietus
1706 679 1809 737 aiir
1834 687 1969 737 est.
1952 697 1967 712 ·
1987 696 2013 724 ¹·
2062 680 2155 738 15.
2180 678 2461 757 quodque
2487 684 2504 713 ‘
2526 676 2689 737 multa
2820 673 2822 680 '

531 779 728 842 adhuc
764 789 940 840 nocte
983 777 1152 838 terris
1197 776 1562 844 incubante:³
1588 771 1816 832 aolem'
1839 773 2052 833 aiunt‘
2070 772 2357 854 conspici,
2385 793 2505 834 non
2548 773 2687 852 globi

529 877 759 956 figura·
803 875 997 935 sedin
1024 871 1445 951 amplissimam
1472 867 1843 930 latitudinem
1878 887 2169 948 sparsam,
2194 881 2256 930 et
2281 870 2445 932 velut
2470 867 2689 928 diversis

527 971 752 1050 ignium
791 969 1126 1050 agminibus
1165 980 1481 1074 utrumque
1524 965 1743 1026 montis
1770 963 1949 1026 latus
1976 964 2333 1043 amplexum,
2334 971 2363 1006 ¹³
2388 966 2540 1026 coire
2564 981 2691 1042 pau-

528 1066 716 1140 latim,
745 1076 806 1125 et
848 1065 1280 1145 propinquante
1310 1063 1439 1142 jam
1466 1061 1598 1122 luce
1639 1059 1851 1140 jugero
1879 1059 2060 1140 paulo
2108 1060 2299 1138 majus
2326 1062 2575 1140 spatium
2600 1060 2693 1118 im-

529 1159 728 1240 plere·
710 1204 728 1231 ,
773 1160 1068 1241 pauloque
1095 1169 1231 1239 poet
1271 1157 1572 1217 insolitum
1610 1157 1809 1216 orbem
1850 1154 2185 1235 collectum.
2215 1154 2571 1216 destinatum
2604 1155 2697 1214 iter

529 1253 905 1336 percurrere!
991 1254 1083 1314 16.
1125 1251 1324 1312 Credo
1351 1271 1456 1330 per
1501 1251 1695 1310 aiirem
1736 1261 2026 1312 nocturno
2068 1249 2207 1328 gelu
2234 1250 2557 1324 astrictum,
2582 1249 2697 1309 nul-

530 1350 724 1429 lisque
765 1361 1071 1410 ventorum
1122 1346 1360 1408 flatibus
1407 1345 1739 1422 disjectum,
1776 1346 1921 1407 solia
1964 1345 2229 1418 orientis,
2272 1345 2471 1406 adhuc
2508 1347 2701 1425 imper-

531 1444 693 1504 fecta
717 1445 970 1522 imagine
1010 1443 1131 1504 late
1157 1459 1386 1522 sparsa,
1413 1438 1597 1500 fallax
1642 1440 1839 1502 oculis.
1872 1440 2220 1501 miraculum
2252 1459 2568 1523 apparerez
2606 1440 2703 1498 do-

533 1559 647 1600 nec
673 1557 747 1600 eo
789 1538 1068 1618 paulatim
1095 1539 1153 1598 vi
1189 1538 1401 1598 caloris
1444 1536 1717 1596 absumto
1760 1535 2185 1616 dissipatoque‚
2213 1537 2361 1598 liber
2404 1537 2487 1598 ad
2530 1539 2707 1616 ipsum

534 1634 743 1696 sideris
770 1636 970 1696 orbem
996 1643 1274 1712 aspectus
1297 1631 1734 1713 permittatur:
1760 1651 1915 1692 -nam
1963 1651 2175 1692 sereno
2199 1632 2543 1712 liquidoque
2572 1631 2708 1692 coelo

533 1730 682 1791 radii
707 1731 1216 1790 transmittuntur:
1266 1730 1363 1790 17.
1403 1729 1507 1789 ubi
1550 1738 1798 1790 coactus
1836 1730 1937 1789 aer
1980 1740 2093 1800 est,
2124 1728 2281 1788 sistit
2318 1739 2618 1808 exceptos,
2656 1734 2711 1785 et

532 1834 816 1904 tanquam
841 1824 902 1884 in
933 1825 1238 1902 speculum
1257 1823 1587 1902 incidentes
1614 1825 2128 1886 cum'incremento
2138 1822 2483 1904 splendoris
2506 1821 2711 1882 diffun-

535 1919 646 1979 dit.
733 1922 848 1998 18.Ι
874 1919 997 1978 Sub
1025 1917 1152 1977 Idae
1190 1917 1486 1979 radicibus
1533 1919 1861 1999 Cyzicenus
1888 1939 2031 2001 ager
2057 1919 2117 1979 in
2148 1919 2575 2000 Propontidem
2620 1937 2715 1980 ex-

535 2014 792 2076 currina
831 2013 1026 2093 ipsum
1073 2012 1352 2092 oppidum
1383 2015 1445 2074 in
1484 2015 1766 2076 mediocri
1808 2017 2007 2076 insula
2050 2016 2229 2076 situm
2274 2015 2515 2094 gemino
2544 2024 2716 2095 ponte

531 2109 858 2170 continenti
885 2109 1236 2168 annectitur.
1320 2109 1443 2169 Sed
1468 2110 1531 2170 id
1559 2131 1711 2192 opus
1740 2113 1919 2190 paulo
1944 2121 2085 2192 post
2110 2109 2447 2172 Alexander
2488 2111 2717 2172 molitus

534 2216 663 2265 est:
706 2205 818 2264 sub
847 2203 1184 2264 Memnonis
1211 2203 1645 2282 expeditionem
1662 2203 1909 2266 navibus
1930 2207 2389 2267 commeabatur.
2480 2208 2576 2268 19.
2606 2207 2721 2276 Qui

535 2318 673 2360 cum
722 2299 1049 2377 Cyzicenos
1097 2297 1416 2376 improviso
1463 2299 1684 2378 impetu
1732 2299 2127 2380 nequicquam
2160 2300 2486 2374 terruisset,
2529 2322 2720 2364 muros

535 2395 804 2475 gnaviter
830 2394 1128 2455 tuentibus
1171 2394 1527 2474 oppidanis3
1568 2414 1770 2457 eorum
1816 2396 2115 2475 regionem
2144 2396 2437 2459 hostiliter
2478 2399 2723 2479 popula·

535 2500 656 2564 tus,
683 2502 968 2569 magnam·
989 2490 1128 2551 inde
1155 2490 1416 2569 proedam
1447 2492 1665 2571 coegit.
1747 2495 1849 2553 20.
1896 2492 2025 2552 Nec
2050 2510 2089 2551 a
2118 2492 2521 2553 Macedonum
2562 2495 2727 2555 duci-

535 2588 648 2646 bus
676 2586 1060 2646 cessabatur:
1105 2586 1416 2647 Parmenio
1460 2588 1749 2668 Grynium
1774 2588 2024 2649 AEolidis
2066 2588 2351 2669 oppidum
2398 2604 2727 2671 expugnat,

535 2681 762 2743 incolas
809 2682 1074 2744 servituti
1119 2680 1363 2744 addicit.
1448 2683 1683 2746 Deinde
1731 2684 1979 2756 Caicum
2020 2703 2249 2745 amnem
2297 2694 2727 2765 transgressus,

538 2776 790 2838 Pitanen
819 2776 1099 2848 adoritur,
1126 2778 1330 2839 urbem
1373 2778 1737 2859 opulentam,
1774 2790 1837 2839 et
1880 2779 2101 2859 duplici
2148 2793 2325 2859 portu
2364 2782 2731 2862 accipiendis

537 2874 612 2934 ab
647 2874 887 2953 Europa
905 2872 1115 2952 ¹copiis
1157 2883 1551 2953 opportunam
1570 2893 1591 2935 t
1653 2874 1763 2935 sed
1804 2893 2057 2955 propero
2094 2874 2357 2935 adventu
2386 2876 2733 2939 Memnonis

537 2970 738 3032 statim
779 2970 976 3031 soluta
1017 2968 1248 3031 obsidio
1291 2981 1404 3031 est.
1486 2973 1587 3031 21.
1630 2970 1813 3031 Calas
1862 2968 2119 3041 deinde:
2144 2970 2247 3049 qui
2294 2990 2433 3031 eum
2480 2973 2733 3035 modicis

540 3066 938 3127 Macedonum
981 3074 1158 3143 atque
1201 3066 1691 3127 mercenariorum
1732 3066 1917 3145 copiis
1952 3067 2013 3125 in
2041 3065 2273 3127 Troade
2316 3086 2413 3127 res
2464 3072 2735 3147 gerebat,

537 3180 674 3221 eum
703 3159 902 3220 Persis
924 3158 1130 3235 proelio
1155 3161 1438 3221 certavit:
1478 3171 1543 3221 et
1568 3160 1756 3240 impar
1782 3161 2040 3223 bostium
2068 3161 2429 3224 multitudini
2456 3164 2515 3225 in
2549 3166 2736 3231 Rhoe-

537 3266 700 3315 teum
729 3272 794 3315 se
817 3253 1056 3333 recepit.
2646 3318 2663 3329 ,

623 3350 704 3409 Π.
755 3351 807 3409 1.
853 3350 1086 3409 Interea
1111 3350 1471 3422 Alexander,
1494 3353 1833 3415 constitutis
1858 3354 1918 3412 in
1948 3352 2184 3415 Groecia
2206 3356 2405 3427 rebus,
2434 3356 2493 3414 in
2526 3358 2740 3433 Mace·

539 3445 777 3527 doniam
803 3464 1098 3519 reversus,
1127 3453 1304 3526 fquae
1323 3458 1549 3509 tantam
1566 3448 1705 3509 belli
1724 3448 1939 3509 molem
1968 3469 2323 3528 aggressum
2350 3452 2629 3513 cavenda
2646 3454 2741 3515 vel

539 3540 1010 3605 administranda
1035 3544 1276 3615 essent,'
1301 3562 1441 3605 cum
1480 3546 1681 3605 amieis
1724 3544 2138 3604 deliberabat.⁸
2216 3548 2275 3604 2.
2318 3546 2639 3626 Antipater
2668 3570 2743 3609 ac

539 3640 854 3701 Parmenio
877 3647 1054 3698 aetate
1089 3649 1155 3697 et
1178 3636 1473 3717 dignitate
1502 3639 1782 3718 praecipui
1830 3640 2301 3711 obtestabantur,
2351 3648 2370 3673 ‘
2403 3641 2496 3701 Ne
2522 3642 2585 3701 in
2620 3664 2743 3703 uno

539 3754 785 3814 corpore
827 3735 1008 3794 totius
1057 3732 1278 3813 imperii
1325 3734 1579 3794 salutem
1620 3735 1872 3796 fortunae
1902 3733 2133 3796 insidiis
2180 3748 2541 3814 exponeret:
2588 3744 2739 3818 quin

603 3917 730 3966 ¹¹51)
734 3917 820 3968 od.
843 3917 878 3966 Ι.
903 3918 938 3967 l.
1735 3930 1763 3966 «ι
1793 3922 1968 3973 strab.
1991 3934 2119 3973 xm.
2138 3936 2190 3986 p.
2211 3926 2450 3989 semsqq.

603 3991 740 4041 ⁰.ss
773 3993 810 4041 1.
848 3992 884 4041 l.
919 3992 1132 4043 Lucu-et.
1169 4008 1222 4045 v.
1249 3999 1370 4047 662.
1407 3997 1594 4062 Pomp.
1737 4006 1756 4032 ¹
1788 3997 1943 4049 Diod.
1964 4011 2103 4050 xvir.
2129 4011 2179 4060 p.
2200 4002 2314 4049 665.

541 4064 686 4114 Mela
707 4080 744 4113 ι.
771 4071 850 4115 18.
1737 4080 1761 4107 ⁸
1794 4072 1873 4123 ld.
1896 4086 2036 4123 xvn.
2058 4088 2109 4137 p.
2132 4077 2245 4121 5⁷0.

606 4145 634 4179 Ρ
667 4138 802 4189 Plin.
831 4138 928 4189 Eis
933 4146 973 4191 t.
998 4140 1119 4193 Nat.
1138 4156 1197 4191 ιι
1224 4147 1301 4195 11.
