2858 4782
544 351 630 417 10
1415 361 1861 414 rnooemuu.

545 506 730 584 dere,
757 523 882 569 nec
909 501 1234 570 affirmare
1261 501 1611 582 sustinere,
1636 505 1717 569 de
1745 504 1992 588 quibus
2010 491 2293 583 dubitet,
2322 525 2449 572 nec
2476 505 2769 574 subdu·

543 625 712 684 cere,
737 625 890 689 quae
915 605 1254 690 acceperit
1281 621 1390 667 rx.
1418 605 1485 670 1.
1518 603 1630 671 34.
1660 613 1752 685 et,
1785 627 1861 672 se
1888 608 2277 690 incorrupta
2300 609 2630 690 perferre'
2654 617 2769 674 ut-

543 725 828 790 cumque
855 704 1098 772 tradita
1128 721 1263 768 vn.
1289 704 1356 769 8.
1384 705 1490 769 11.
1550 705 1911 792 'Interdum
1966 707 2139 772 adeo
2180 709 2419 775 lectori
2461 711 2539 774 in
2600 715 2770 775 ‘sus-

544 807 883 890 picionem
903 806 1128 872 venire
1155 812 1403 889 potest,
1450 807 1757 890 quaedam
1808 809 1962 874 ficta
1994 827 2168 887 esse,
2215 815 2290 873 ut
2324 811 2518 876 locus
2552 819 2769 878 esset

542 906 834 993 poetica>
863 905 1318 988 descriptioni,
1348 924 1460 970 ex.
1492 911 1555 972 c'.
1587 925 1694 972 ιν.
1720 909 1785 974 3.
1816 909 1925 973 16.
1982 909 2186 993 Saepe
2213 911 2283 974 in
2306 913 2507 977 rebus
2542 912 2769 996 parvi

543 1008 864 1074 momenti
891 1005 1230 1072 narrandis
1256 1006 1499 1089 longus
1540 1007 1689 1087 fnit,
1732 1009 2115 1074 necessaria
2152 1010 2398 1075 omisit.
2483 1007 2765 1075 Annos

544 1108 792 1174 addere
821 1107 1042 1172 ubivis
1069 1106 1381 1188 neglexit,
1411 1109 1575 1171 anni
1612 1114 1915 1190 tempora
1942 1108 2355 1192 plerumque:
2444 1110 2765 1187 Deinde,

541 1209 852 1293 quamvis
882 1206 1174 1290 quidem,
1218 1207 1282 1270 si
1311 1211 1531 1271 totum
1558 1214 1855 1291 spectaS,
1902 1206 2323 1272 laudatorem.
2350 1207 2763 1274 Alexandri

542 1329 676 1374 non
704 1307 1008 1373 videatur
1027 1306 1395 1391 professae,
1436 1306 1685 1391 cupido
1714 1315 1938 1372 tamen
1960 1307 2365 1392 eloquentiae
2394 1317 2762 1375 ostentan-

540 1411 650 1476 dae
697 1410 1040 1494 praevalet,
1091 1407 1206 1472 cui
1251 1409 1494 1490 quavis
1542 1409 1895 1472 occasione
1932 1408 2105 1473 data
2152 1410 2250 1473 ita
2292 1408 2633 1492 indulget,
2678 1418 2761 1477 ut

541 1530 699 1595 quse
725 1510 899 1575 sorte
929 1510 1058 1574 arti
1102 1508 1495 1573 exercendae
1538 1508 1779 1574 idonea
1814 1509 2420 1587 essent,·mirabilia
2445 1512 2756 1593 potissi-

538 1631 746 1689 mum,
801 1609 1192 1678 certioribus
1242 1608 1623 1691 praetulisse
1671 1607 1990 1674 videatur.
2096 1608 2401 1692 Denique
2446 1611 2753 1676 multum

539 1714 758 1789 abest,
783 1717 857 1775 ut
879 1712 970 1787 ei,
999 1710 1182 1794 quod
1208 1709 1629 1775 Historicum
1652 1709 1920 1786 deceat,
1948 1709 2285 1774 scribendi
2313 1712 2539 1791 generi
2572 1731 2753 1794 ope-

539 1831 680 1877 ram
723 1810 998 1875 dederit.
1087 1809 1442 1874 Orationes
1472 1810 1819 1892 elegantes
1849 1815 1917 1876 et
1943 1816 2195 1876 ornatae
2222 1809 2547 1875 artificem
2580 1833 2751 1896 pro·

541 1911 739 1992 dunt3
782 1911 853 1974 in
882 1909 1443 1993 descriptionibus
1482 1927 1671 1996 saepe
1697 1912 2051 1976 verborum
2082 1909 2353 1975 modum
2380 1930 2519 1976 non
2552 1919 2751 1978 tenet

541 2017 612 2075 et
641 2010 1063 2094 ampullatur,
1090 2010 1420 2075 rhetorico
1448 2011 1607 2076 fuco
1635 2031 1825 2095 saepe
1850 2011 2165 2077 abutitur.
2252 2012 2553 2092 Singula,
2572 2032 2743 2096 qnae

539 2111 704 2177 mihi
746 2111 1096 2178 brevitatis
1143 2119 1378 2178 causa'
1403 2115 1551 2178 sine
1602 2114 2007 2196 argumentis
2041 2112 2383 2196 praefanda
2410 2120 2615 2191 sum,
2668 2114 2741 2178 in

511 2223 518 2229 “
540 2214 1031 2279 commentariis
1057 2215 1338 2297 probata
1373 2214 1741 2292 invenient,
1788 2215 2033 2297 quibus
2058 2232 2169 2278 res
2198 2230 2381 2278 curae
2408 2213 2739 2296 cordique

535 2319 660 2379 est.
747 2312 1022 2378 Curtius
1049 2315 1306 2398 itaque,
1329 2333 1483 2380 cum
1515 2314 1683 2378 nulli
1710 2313 1869 2397 legi,
1898 2333 2041 2399 qua
2070 2312 2407 2378 Historici
2432 2315 2739 2378 maxime

541 2422 866 2493 tenentur,
895 2416 1323 2494 satisfecerit,
1351 2418 1630 2482 multam
1658 2416 1929 2499 quidem
1956 2415 2154 2481 fidem
2183 2416 2426 2480 habere
2450 2417 2733 2499 nequit3

537 2514 962 2597 negligendus
991 2520 1211 2579 tamen
1235 2534 1366 2579 non
1387 2524 1517 2592 est,
1526 2517 1903 2600 praecipue,
1926 2515 2119 2599 quod
2132 2518 2394 2599 passim
2413 2516 2731 2599 quaedar'n

539 2616 786 2691 retulit,
813 2632 968 2698 quae
997 2616 1183 2700 apud
1230 2616 1558 2680 neminem
1606 2616 2013 2700 reliquorum
2061 2618 2403 2684 memoliae
2454 2616 2733 2701 prodita

535 2717 845 2799 reperias.
933 2714 1172 2782 Multis
1219 2736 1378 2781 vero
1417 2722 1489 2781 et
1518 2716 1855 2800 juniorum
1884 2725 1957 2782 et
1986 2718 2297 2797 virorum,
2325 2720 2443 2802 qui
2483 2719 2730 2783 librum

533 2816 891 2899 legunt,·ut
914 2818 1127 2882 otium
1173 2815 1412 2882 fallant
1458 2825 1529 2881 et
1560 2816 1994 2896 delectentur,
2035 2818 2359 2904 quicquid
2403 2828 2731 2903 poscatur

539 2916 961 2994 Historicus,
1008 2926 1244 2999 parum
1273 2926 1609 2997 curantes,
1662 2926 1943 3003 propter
1971 2919 2265 3002 vigorem
2296 2922 2465 2985 et‘in
2491 2920 2727 2985 multis

537 3016 942 3082 suavitatem
965 3018 1390 3081 vehementer
1413 3026 1486 3083 et
1512 3020 1747 3084 merito
1776 3020 2033 3103 placet.
2079 3020 2161 3084 In
2186 3022 2440 3086 scholis
2466 3022 2724 3105 itaque,

535 3116 598 3191 si
625 3124 1014 3199 praeceptor·
1027 3134 1110 3180 eo
1140 3116 1238 3181 uti
1253 3135 1388 3181 non
1412 3120 1647 3195 nescit,
1674 3127 1743 3183 et
1761 3119 1850 3184 ad
1881 3119 2194 3184 Latinam
2221 3119 2514 3202 linguam
2534 3128 2608 3185 ’et
2630 3120 2725 3185 ad

539 3214 918 3282 Historiam
955 3216 1330 3282 Alexandri
1357 3218 1835 3285 addiscendam
1862 3221 2191 3305 prodesse
2216 3226 2479 3304 potest.
2564 3222 2611 3285 J
2614 3240 2728 3285 am

537 3318 702 3383 mihi
727 3319 1182 3404 conjecturam·
1195 3319 1282 3385 de
1309 3320 1465 3384 libri
1496 3321 1751 3403 origine
1780 3320 2067 3406 adjicere
2094 3319 2323 3398 liceat,
2352 3340 2555 3405 quam
2576 3323 2725 3405 qui-

537 3418 715 3497 dem,
743 3420 906 3485 licet
935 3421 1022 3487 ab
1049 3419 1172 3485 illa
1196 3421 1243 3484 J
1247 3440 1312 3485 o.
1340 3419 1591 3487 Clerici
1617 3421 1787 3509 (Ars
1812 3423 1975 3489 Crit.
2006 3422 2092 3488 P.
2119 3436 2233 3487 ιιι.
2262 3442 2319 3487 s.
2346 3424 2415 3487 8.
2442 3440 2501 3487 c.
2532 3424 2595 3487 1.
2622 3419 2727 3505 4.)

533 3539 666 3585 non
695 3521 973 3585 multum
1000 3521 1222 3600 abeat,
1271 3521 1458 3600 mihi,
1500 3521 1569 3587 ni
1617 3525 1770 3608 ipse
1808 3522 2025 3602 fallor,
2070 3542 2163 3588 ex
2210 3522 2521 3588 diuturna
2564 3542 2723 3588 cum

536 3618 770 3687 Curtio
797 3621 1282 3687 consuetudine
1309 3630 1533 3689 natam
1562 3644 1736 3704 esse,
1764 3626 1948 3691 bona
1973 3624 2107 3691 fide
2132 3622 2468 3708 profiteor.
2556 3624 2725 3689 Erat

535 3710 798 3787 Rhetor
845 3720 1144 3805 qnidam,
1185 3741 1425 3807 parum
1474 3725 1779 3805 interest,
1830 3726 2029 3811 cujus
2074 3726 2333 3801 saeculi,
2380 3727 2519 3809 qui,
2568 3746 2719 3791 cum

537 3822 700 3885 artis
727 3842 872 3887 suae
903 3823 1162 3907 insigne
1189 3834 1690 3893 monumentum
1716 3829 2095 3912 posteritati
2123 3826 2387 3893 tradere
2418 3832 2716 3909 cuperet,

535 3920 834 3985 fabulam
861 3912 1130 4003 'quidem
1157 3924 1304 4009 ejus
1329 3928 1611 4009 generis,
1656 3946 1813 4012 quae
1860 3928 2056 3994 hodie
2104 3928 2570 3993 Romanenses
2600 3942 2718 3992 vo-

535 4028 795 4097 cantur,
825 4024 1207 4106 excogitare
1237 4028 1594 4109 potuisset,
1616 4030 1734 4095 sed
1758 4030 2373 4115 ipsius-argumenti
2394 4032 2720 4113 gravitate

536 4130 608 4187 et
650 4121 804 4187 luce
849 4122 1011 4189 artis
1053 4124 1469 4209 splendorem
1496 4132 1727 4215 augeri
1756 4130 2073 4197 malebat.
2162 4130 2419 4197 Idonea
2448 4132 2717 4199 videba-
