2858 4782
561 410 652 481 86
1354 425 1414 474 s.
1462 379 1966 475 rastnsrrnuu

565 578 702 629 tuos
731 568 944 629 servire
973 564 1244 633 voluisti:
1289 574 1354 625 tu
1405 576 1624 636 autem,
1672 564 1941 635 Daoche,
1970 572 2033 623 et
2060 574 2147 636 tu,
2174 556 2544 639 Thrasidaee‚
2572 566 2757 629 Thes-

568 665 728 725 salos
773 664 894 741 regi
942 660 1315 722 vendidistis.
1425 662 1520 720 13.
1562 660 1931 719 Thessaliam
1974 658 2131 719 enim
2178 660 2473 720 servitute
2510 662 2761 743 Philippi

569 759 752 838 premi
780 756 1016 828 videtis,
1035 755 1328 828 Thebani,
1354 765 1436 827 et,
1456 755 1571 813 nisi
1598 755 1791 827 fallor,
1809 754 1983 833 juxta
2012 755 2317 814 nobiscum
2346 755 2759 833 ingemiscitis:

569 852 939 931 Byzantium,
968 861 1254 931 quantum
1283 851 1342 909 in
1369 850 1643 930 Pythone
1670 849 1805 920 fuit,
1834 850 1989 910 idem
2016 851 2295 910 manebat
2316 851 2580 923 exitium,
2602 852 2765 929 quod

569 948 870 1027 Olynthus
921 966 1203 1028 perpessa
1248 955 1379 1005 est:
1423 964 1535 1004 nos
1580 944 1978 1004 liberavimus.
2064 946 2160 1005 14.
2204 944 2441 1024 Quippe
2490 946 2767 1005 Graecam

567 1042 884 1113 civitatem,
926 1061 1062 1102 cum
1104 1042 1356 1103 maxime
1405 1040 1627 1100 sociam
1664 1050 1841 1119 atque
1890 1038 2261 1111 foederatam,
2308 1039 2411 1099 ille
2454 1040 2768 1119 religiosus

570 1147 746 1215 atque
791 1137 1140 1198 venerabilis
1185 1146 1446 1197 assertor
1490 1136 1745 1196 Groeciae
1786 1154 1898 1195 nec
1936 1134 2279 1213 opinantem
2304 1135 2633 1214 opprimere
2660 1155 2773 1215 ag·

570 1250 811 1308 gressus
835 1233 1045 1292 fuerat.
1105 1232 1255 1294 Haec
1283 1241 1378 1292 est
1400 1232 1669 1291 nimirum
1700 1230 1987 1310 praeclara
2012 1230 2197 1311 ipsius
2226 1228 2575 1310 prudentia:
2603 1230 2773 1291 calli-

567 1326 814 1388 ditatem
855 1348 962 1405 pro
1003 1328 1245 1409 ingenio
1283 1327 1496 1387 habet:
1537 1326 1854 1407 perjurium
1886 1338 2071 1386 artem
2102 1335 2314 1405 putat:
2358 1324 2776 1403 perfidia'tan·

571 1442 748 1502 quam
777 1424 991 1483 virtute
1013 1424 1215 1483 utitur.
1301 1424 1396 1482 15.
1439 1423 1563 1480 Aut
1604 1421 1768 1481 dicat
1806 1420 2085 1500 denique,
2130 1438 2255 1499 quo
2300 1418 2419 1479 alio
2444 1428 2625 1498 pacto
2649 1421 2779 1481 for-

571 1518 906 1579 midabilem
935 1519 1096 1579 illam
1123 1519 1447 1598 potentiam
1476 1526 1688 1577 nactus
1718 1528 1847 1577 est:
1890 1518 1941 1576 si
1970 1515 2217 1577 Graecos
2248 1514 2581 1590 fraudibus,
2626 1518 2691 1575 in
2702 1518 2780 1576 si·

572 1612 710 1685 diis,
740 1614 1070 1691 proditione
1099 1633 1218 1673 non
1246 1614 1438 1693 cepit:
1470 1613 1521 1673 si
1546 1614 1829 1672 barbaros
1852 1613 2029 1673 etiam
2056 1630 2176 1671 non
2200 1629 2342 1670 auro
2360 1612 2555 1691 magis
2584 1632 2779 1691 quam

569 1706 724 1768 ferro
749 1708 927 1777 vicit:
961 1708 1010 1767 si
1037 1708 1294 1787 denique
1319 1707 1599 1785 cuiquam
1627 1706 1958 1767 mortalium
1987 1717 2089 1766 aut
2110 1704 2288 1765 fidem
2316 1704 2459 1765 dare
2489 1718 2781 1783 gravatus

571 1814 686 1875 est,
723 1814 828 1863 aut
855 1803 1054 1865 datam
1087 1803 1289 1865 fallere
1318 1821 1440 1861 non
1470 1802 1768 1862 sustinuit.
1858 1804 1951 1861 16.
1996 1800 2135 1860 Istis
2161 1810 2358 1859 tsmen
2386 1798 2487 1858 ille
2516 1801 2782 1862 Graeeioe

570 1896 807 1967 vindex,
854 1917 962 1957 nos
991 1898 1426 1977 perturbatores
1457 1916 1660 1957 sumus
1687 1904 1701 1955 !
1764 1896 1885 1957 Sed
1912 1896 2055 1975 quid
2086 1897 2235 1955 istos
2248 1893 2504 1973 pudeat,
2530 1896 2636 1973 qui
2666 1916 2787 1957 sua

572 1991 818 2051 crimina
842 1992 1013 2049 nobis
1043 1992 1338 2070 objectare
1379 1990 1630 2064 malunt,
1672 2011 1852 2072 quam
1896 2011 2016 2052 non
2064 1991 2381 2050 admonere
2408 2008 2515 2049 vos
2545 2009 2788 2065 eorum,

573 2104 822 2164 quorum
873 2086 983 2166 ipsi
1029 2086 1322 2145 manifesti
1378 2086 1564 2146 sunt?
1645 2086 1710 2146 Si
1760 2087 1894 2167 quis
1950 2098 2256 2167 captorum
2304 2104 2613 2144 munerum
2676 2098 2789 2147 aut

573 2180 921 2257 proditionis
976 2199 1111 2240 reus
1165 2190 1346 2253 esset,
1403 2180 1569 2239 illum
1622 2181 1870 2254 tuendo,
1927 2176 2382 2261 propugnando,
2428 2179 2665 2257 legibus
2726 2194 2793 2243 et

573 2274 762 2355 poenis
781 2273 1108 2353 eripiendo,
1129 2287 1382 2335 vestrum
1408 2276 1712 2353 negotium
1737 2276 2027 2355 ageretis:
2060 2294 2217 2335 nunc
2240 2274 2385 2333 alios
2408 2276 2789 2349 accusando,

573 2371 634 2429 in
669 2388 772 2430 vos
803 2370 1156 2430 sententiam
1203 2368 1420 2429 dicitis.
1512 2371 1604 2430 1¹7.
1649 2369 1828 2439 Quod
1880 2371 1928 2431 si
1974 2370 2187 2450 ignari,
2235 2387 2519 2448 quorsum
2562 2389 2639 2432 ea
2684 2391 2790 2432 res

571 2465 907 2542 pertineret,
936 2465 996 2524 id
1027 2465 1350 2524 admisistis
1375 2486 1392 2532 ;
1436 2462 1811 2544 prudentiam
1840 2466 1901 2525 in
1929 2465 2097 2524 vobis
2125 2465 2393 2544 requiro:
2437 2464 2488 2523 si
2518 2465 2793 2527 scientes

573 2558 1049 2638 prudentesque:
1093 2551 1534 2619 verecundiam.
1624 2563 1719 2621 18.
1764 2560 1881 2620 Pro
1909 2578 2061 2632 mea,
2089 2559 2306 2638 quique
2334 2560 2394 2619 in
2420 2560 2631 2620 eadem
2656 2581 2795 2623 me-

574 2673 708 2712 cum
739 2671 924 2713 causa
954 2665 1115 2726 sunt,
1163 2654 1502 2714 innocentia
1542 2654 1861 2726 suffecerit,
1903 2653 2065 2733 quod
2110 2671 2219 2712 nos
2250 2673 2288 2712 a
2315 2653 2589 2732 Philippo
2628 2657 2796 2717 nihil

569 2749 878 2826 'accepisse
905 2747 1016 2828 ipsi
1038 2748 1337 2807 fatemini:
1369 2767 1481 2808 nec
1501 2749 1655 2808 enim
1680 2748 1894 2828 siquid
1917 2747 2349 2828 petivissemus,
2369 2766 2591 2809 vacuos
2616 2751 2799 2813 abire

573 2861 788 2921 passus
835 2854 997 2904 esset
1041 2843 1487 2903 liberalissimus
1535 2863 1658 2918 rex,
1702 2855 1769 2905 ut
1818 2864 1855 2903 a
1900 2843 2063 2903 vobis
2112 2843 2352 2921 quidem
2395 2843 2802 2922 predicatur.

574 2938 670 2996 An
698 2938 800 3017 qui
827 2958 934 2998 vos
958 2939 1293 3020 corrupisse
1320 2958 1520 3017 operae
1551 2939 1804 3018 pretium
1854 2937 2102 3016 putavit,
2154 2937 2326 2995 nobis
2363 2936 2540 2996 etiam
2569 2948 2803 3015 peten-

572 3031 756 3105 tibus,
805 3053 924 3092 non
978 3033 1345 3112 largiretur?
1457 3035 1555 3094 19.
1612 3035 1696 3094 At
1736 3033 2052 3094 Thebanos
2094 3031 2272 3091 modo
2318 3031 2659 3107 monuistis,
2712 3055 2804 3096 ne

577 3124 888 3184 consilium
912 3145 1115 3186 eorum
1141 3135 1554 3206 sequerentur,
1580 3128 1683 3206 qui
1710 3127 1919 3205 patrias
1948 3126 2101 3186 male
2125 3124 2573 3188 consuluerunt.
2650 3129 2805 3209 Ego

577 3239 718 3278 vero
748 3218 958 3281 desino
985 3221 1284 3281 adversari
1309 3220 1451 3290 illis,
1498 3220 1788 3292 Thebani,
1842 3221 1891 3280 si
1930 3219 2015 3279 ita
2065 3209 2368 3280 sentiunt:
2410 3221 2473 3279 in
2518 3223 2807 3302 ipsorum

579 3314 918 3392 opinionem
944 3325 1223 3383 transeo:
1267 3335 1493 3397 vosque
1539 3327 1767 3395 quanto
1814 3317 2074 3376 maximo
2121 3323 2323 3395 potest
2346 3333 2527 3396 opere
2554 3317 2807 3393 hortor,

577 3425 702 3479 oro,
731 3410 1001 3482 obsecro,
1044 3429 1262 3490 perque
1302 3422 1560 3472 vestram
1604 3420 1667 3471 et
1703 3427 2077 3471 communem
2106 3410 2358 3470 Graecia
2386 3409 2647 3472 salutem
2678 3416 2809 3474 ob-

579 3513 787 3578 testor,
817 3513 883 3564 ut
907 3504 1022 3565 boc
1047 3504 1307 3585 ipsorum
1336 3506 1637 3568 decretum
1664 3505 2123 3586 amplectamini.
2178 3505 2283 3564 20.
2315 3503 2387 3564 Id
2414 3505 2467 3564 si
2494 3506 2806 3581 feceritis,

580 3619 773 3679 neque
817 3619 1097 3679 pecorum
1146 3613 1327 3680 atque
1373 3611 1771 3662 armentorum
1815 3600 2007 3680 gratia
2032 3618 2139 3658 vos
2174 3598 2337 3677 ipsos
2363 3599 2562 3659 venire
2590 3603 2809 3680 patie-

577 3696 758 3765 mini:
803 3714 996 3774 neque
1023 3705 1091 3755 ut
1117 3697 1435 3776 ergastulis
1480 3717 1625 3777 ager
1673 3707 1867 3757 vester
1910 3695 2333 3774 frequentetur,
2380 3693 2533 3754 inter
2580 3707 2813 3760 cetera

578 3789 836 3868 Philippi
879 3790 1174 3869 mancipia
1214 3789 1536 3852 Poonibus
1574 3802 1637 3851 et
1661 3789 1934 3851 Triballis
1963 3786 2252 3848 servietis.
2336 3789 2435 3846 21.
2478 3787 2643 3848 Nam
2692 3793 2813 3854 isti

579 3902 790 3961 greges
818 3894 880 3942 et
907 3885 1199 3964 mancipia
1224 3886 1439 3948 intueri
1466 3906 1574 3947 vos
1614 3886 1850 3965 jubent,
1898 3885 2136 3966 egregia
2164 3883 2467 3942 servitutis
2490 3887 2763 3962 premia
2788 3911 2809 3958 ς

579 3995 814 4050 uxores,
850 3977 1088 4053 liberos,
1116 3991 1413 4060 parentes,
1442 3982 1795 4054 libertatem,
1828 3981 2065 4052 samam,
2096 3978 2271 4040 fidem
2302 3977 2559 4058 denique
2598 3993 2671 4040 et
2700 3984 2812 4045 fas

581 4071 924 4134 Grmcorum
956 4073 1093 4132 vilia
1119 4075 1354 4137 habere.
1444 4077 1595 4137 Hoec
1624 4077 1781 4137 enim
1808 4077 2074 4154 profecto
2100 4073 2463 4155 perdidistis,
2484 4073 2812 4150 Tbebani,

579 4165 694 4226 nisi
715 4165 906 4225 fraudi
929 4167 1346 4248 violentiaque
1366 4170 1621 4250 Philippi
1640 4190 1765 4232 una
1786 4171 2094 4232 nobiscum
2120 4167 2411 4230 resistitis.
2469 4171 2571 4230 22.
2602 4171 2813 4240 Quod
