2858 4782
505 405 598 470 32
1319 412 1879 465 Ριιοωιιιοιιιιιηι

511 563 820 676 mamque
865 559 1085 642 ipsam
1135 557 1404 622 minimo
1453 553 1773 636 temporis
1818 552 2039 636 spatio
2088 551 2391 618 sedavit.
2462 549 2709 619 Accer-

511 664 682 728 situs
710 663 779 726 in
810 660 1110 738 Italiam,
1155 657 1372 740 iuquit
1413 655 1621 738 Bapt.
1666 653 1999 738 Egnatius
2038 652 2143 740 (in
2179 654 2345 719 Vita
2374 652 2711 718 Constan-

511 759 691 846 tini),
733 762 821 826 ab
869 761 954 826 iis
981 761 1096 844 qui
1137 755 1477 822 Maxentii
1528 753 1939 839 tyrannidem
1986 754 2155 820 ferre
2202 773 2341 818 non
2380 760 2713 838 poterant,

511 863 780 928 biennio
822 868 1032 928 totam
1067 859 1346 925 Italiam
1385 857 1755 939 urbemque
1796 853 2095 920 Romam
2132 855 2431 938 pristinae
2470 855 2715 938 majes-
2744 863 2752 870 '

511 966 631 1028 tati
684 965 995 1028 asseruit.
1083 959 1483 1038 ‘Quantam
1542 961 2010 1040 tempestatem
2074 955 2303 1021 subita
2358 956 2715 1021 serenitate

513 1065 874 1130 discussit!
891 1061 1172 1127 '—Rem
1201 1059 1625 1125 Romanam
1605 1077 1677 1123 m
1702 1055 2029 1140 plurimas
2056 1062 2283 1140 partes
2309 1056 2717 1121 dissolutam

468 1233 474 1246 ,
513 1172 712 1250 atque
743 1165 1070 1230 divulsam
1097 1161 1294 1246 quasi
1321 1159 1803 1242 conglutinavit
1820 1163 2026 1240 atque
2044 1158 2475 1238 consu-inxit3
2508 1157 2715 1223 victis

511 1267 865 1351 pulsisque
923 1264 1174 1330 Gothis
1231 1281 1541 1328 securam
1596 1255 1905 1326 reddidit.
1991 1258 2213 1323 Simul
2260 1276 2420 1322 vero
2466 1276 2717 1341 pacem

512 1368 832 1432 internam
879 1364 1189 1442 restituit,
1233 1364 1452 1446 legum
1505 1361 1859 1426 severitate
1904 1359 2216 1437 firmavit,
2267 1365 2445 1422 artes
2496 1359 2714 1422 bonas

514 1468 856 1552 praecipue
880 1467 1219 1532 literarum
1251 1463 1499 1542 studia,
1528 1462 1775 1546 quibus
1802 1468 1871 1526 et
1897 1461 2043 1546 ipse
2070 1459 2338 1525 deditus
2378 1459 2569 1538 ιιι-ιιι)
2590 1479 2717 1523 nu-

517 1567 681 1645 triit,
711 1575 912 1652 atque
941 1566 1043 1631 ita
1069 1565 1327 1632 factum
1367 1569 1497 1641 est,
1543 1567 1566 1598 ‘
1604 1569 1679 1627 ut
1704 1562 2057 1645 imperium
2104 1580 2245 1625 non
2280 1560 2715 1626 reviresceret

517 1668 758 1746 solum,
785 1666 909 1732 sed
937 1667 1138 1732 etiam
1177 1663 1484 1732 floreret!
1572 1663 2079 1747 Imperatoriam
2120 1667 2530 1746 potestatem
2572 1659 2715 1726 11ae-

517 1768 818 1834 reditatis
847 1768 1006 1833 loco
1035 1767 1197 1832 filiis
1229 1767 1620 1845 traditurus,
1649 1765 1854 1830 simul
1874 1783 2031 1829 vero
2055 1769 2129 1829 ut
2144 1763 2412 1846 negotia
2433 1761 2717 1845 publica

417 1925 426 1936 .
515 1869 760 1934 melius
790 1873 1319 1950 procurarentur,
1351 1871 1551 1948 atque
1580 1871 1676 1942 ut,
1700 1868 1889 1947 patre
1916 1864 2260 1946 magistro,
2278 1873 2283 1880 ’
2303 1863 2717 1946 gubernandi

517 1975 720 2034 artem
752 1967 956 2050 probe
977 1967 1366 2043 ediscerent,
1394 1984 1547 2030 cum
1564 1963 1709 2030 filio
1734 1965 1981 2044 fratris,
2010 1965 2377 2042 Delmatio,
2398 1983 2721 2048 prosper-

517 2069 704 2132 rimae
725 2066 972 2132 indolis
991 2065 1264 2150 juvene,
1290 2071 1426 2131 tres
1450 2065 1651 2141 filios,
1674 2063 2205 2145 Constantinum,
2234 2065 2717 2132 Constantium

519 2174 723 2251 atque
754 2167 1182 2232 Constantem
1214 2164 1520 2232 Caesares
1549 2166 1824 2243 creavit,
1852 2185 2102 2250 eosque
2130 2165 2401 2246 Galliae,
2424 2165 2715 2242 Orienti,
2848 2237 2850 2248 ¹

521 2269 880 2352 Italiaeque
927 2266 1250 2351 praefecit.
1337 2265 1509 2332 Inde
1551 2285 1790 2349 magna
1830 2267 1955 2332 illa
1994 2275 2061 2332 et
2098 2288 2311 2352 prope
2362 2269 2717 2352 explorata

519 2371 844 2437 diuturnae
890 2369 1305 2455 posteritatis
1342 2387 1505 2452 spes
1534 2377 1736 2435 enata
1764 2378 1892 2448 est,
1922 2390 2056 2455 qua
2082 2372 2285 2437 nixus
2316 2370 2584 2437 Curtius
2612 2371 2719 2438 ita

521 2472 872 2555 palpatur:
916 2474 939 2505 ‘
971 2471 1177 2535 Absit
1202 2469 1409 2535 modo
1438 2470 1715 2548 invidia,
1744 2473 2039 2555 excipiet
2062 2472 2258 2557 hujus
2285 2474 2517 2538 saeculi
2544 2480 2721 2539 tem-

520 2590 690 2656 pora
717 2570 1020 2654 ejusdem
1049 2570 1310 2648 domus,
1339 2570 1598 2635 utinam
1627 2578 1971 2655 perpetua,
2010 2573 2521 2640 certediuturna
2548 2596 2719 2661 pos-

520 2673 774 2737 teritas.
772 2670 791 2696 '

608 2772 972 2837 Dominum
1000 2772 1236 2856 populi
1265 2771 1561 2839 Romani
1582 2775 1833 2859 ubique
1862 2756 1936 2841 se
1961 2778 2168 2860 gessit
2196 2776 2721 2859 Constantinus,

519 2895 740 2960 neque
783 2874 1224 2959 principatum
1271 2873 1748 2953 dissimulavit,
1793 2876 1915 2941 sed
1960 2878 2191 2961 palam
2243 2879 2537 2944 ostendit
2594 2879 2723 2945 ha-

521 2978 734 3042 bitum
759 2978 1016 3059 regium
1057 2960 1334 3057 gemmis
1378 2984 1449 3041 et
1491 2984 1705 3061 caput
1744 2986 2079 3044 exornans
2122 2986 2443 3095 perpetuo
2485 2979 2723 3045 diade—

519 3084 748 3143 mate-⁸¹

609 3178 750 3242 His
797 3176 1166 3241 rationibus
1217 3178 1344 3243 rite
1391 3178 1781 3263 perpensis,
1822 3179 1941 3244 vix
1983 3178 2263 3245 dubium
2302 3182 2725 3266 relinquitur,

523 3279 974 3363 conjecturam
1030 3277 1473 3344 Illustrissimi
1530 3280 1831 3362 Bagnolo
1878 3299 2040 3346 vero
2082 3301 2232 3345 esse
2284 3282 2725 3349 simillimam.

521 3380 592 3446 N
595 3378 922 3461 egandum
951 3380 1127 3444 enim
1158 3400 1292 3444 non
1323 3380 1455 3459 est,
1482 3380 1697 3446 Curtii
1722 3382 1915 3447 nulla
1942 3382 2146 3447 verba
2186 3400 2319 3447 non
2362 3402 2727 3465 congruere

521 3482 772 3565 optime
799 3498 954 3551 cum
981 3481 1258 3564 imperio
1287 3480 1707 3548 Constantini
1741 3482 1841 3547 M.
1916 3484 2004 3547 Et
2033 3485 2095 3549 si
2123 3484 2225 3548 ita
2252 3486 2361 3548 res
2390 3504 2466 3548 se
2494 3486 2725 3566 habet,

521 3581 846 3647 neminem
899 3581 1188 3663 amplius
1234 3581 1554 3661 movebit,
1599 3581 1817 3649 Curtii
1862 3604 2182 3667 nusquam
2232 3583 2411 3669 apud
2458 3590 2727 3652 veteres

519 3683 918 3747 mentionem
988 3680 1157 3745 fieri.
1266 3681 1507 3747 Mirari
1562 3684 1766 3749 etiam
1824 3683 2228 3762 desinemuS,
2294 3705 2451 3768 quae
2509 3706 2729 3755 causa

519 3784 718 3849 fuerit
778 3782 1094 3847 codicum
1141 3786 1741 3866 manuscriptorum
1792 3786 2115 3869 penuriae,
2155 3806 2310 3869 quae
2356 3792 2541 3852 tanta
2596 3796 2729 3867 est,

525 3892 619 3961 ut,
648 3903 798 3947 cum
827 3884 1088 3949 lacunae
1119 3890 1320 3968 atque
1351 3886 1753 3970 corruptelae
1798 3887 2111 3952 omnibus
2140 3906 2529 3953 communes
2558 3892 2731 3969 sint,

519 3993 700 4050 recte
735 3985 1038 4071 judicare
1085 3984 1245 4051 VV.
1279 3986 1441 4053 DD.
1472 3988 1840 4067 videantur,
1880 3990 1999 4073 qui
2041 4009 2129 4055 ex
2172 4009 2307 4055 uno
2351 3990 2733 4074 exemplari

961 4222 977 4253 ⁸
1011 4220 1310 4276 Idem'ibld.
1347 4230 1358 4239 '
1760 4234 1786 4261 '¹
1820 4226 1999 4276 Aurei.
2022 4226 2165 4276 vict.
2186 4230 2267 4277 37.
