2858 4782
529 297 628 360 34
1360 303 1921 354 PRoLnooMnNA

533 473 676 538 quo
720 451 912 516 libris
959 465 1039 514 x.
1085 448 1338 514 cecinit
1395 449 1531 513 Res
1578 457 1805 530 gestas
1850 445 2252 524 Alexandri,
2286 443 2601 510 Curtium
2664 441 2769 509 ad

539 555 842 629 verbum,
860 557 1184 635 quantum
1211 554 1501 635 poterat,
1531 549 1829 612 imitatus
1854 547 1999 612 est.’
2022 555 2049 582 ¹

630 655 738 719 De
767 652 1121 736 Alphonso
1145 671 1419 735 quoque
1439 652 1705 715 decimo
1732 649 2091 732 Hispaniae
2121 667 2299 730 rege,
2316 650 2429 731 qui
2460 649 2771 730 Sapien-

535 757 632 820 -tis
663 775 1033 838 cognomen
1059 754 1323 832 meruit,
1353 760 1421 817 et
1464 771 1639 816 anno
1680 751 1875 816 1252.
1918 753 2242 834 imperare
2272 751 2508 832 coepit,
2536 747 2777 811 Anto-

546 854 1259 922 nius-Panormitanus
1300 855 1373 918 in
1432 849 1601 918 Vita
1644 851 1791 936 ejus
1832 853 2079 936 prodit,
2122 872 2295 928 eum,
2344 870 2496 915 cum
2556 850 2771 932 gravi

547 959 784 1023 morbo
827 956 1182 1033 laboraret,
1212 953 1509 1020 remedia
1545 953 1835 1018 medicis
1866 953 2117 1018 frustra
2152 950 2775 1036 praescribentibus

549 1060 842 1142 coepisse
869 1059 1088 1140 legere
1116 1056 1209 1136 Q.
1241 1057 1456 1122 Curtii
1490 1055 1869 1120 Historiam
1894 1055 1980 1119 de
2014 1052 2399 1119 Alexandro
2431 1051 2529 1116 M.
2548 1051 2775 1116 adeo-

547 1180 684 1244 que
712 1160 902 1224 illius
931 1158 1288 1223 dulcedine
1319 1169 1596 1242 captum
1626 1157 1865 1234 fuisse,
1898 1165 1973 1220 ut
1998 1175 2087 1221 ex
2133 1156 2285 1220 sola
2310 1154 2613 1220 lectione
2648 1171 2774 1217 sa-

546 1262 826 1327 nitatem
873 1263 1382 1342 recuperaverit.
1474 1259 1651 1324 Haec
1702 1277 1887 1340 saepe
1939 1257 2179 1322 deinde
2228 1257 2495 1338 repetiit
2542 1257 2775 1322 verba

551 1381 940 1445 erumpens:
989 1365 1010 1398 ‘
1034 1363 1309 1426 valeant
1337 1360 1711 1438 Avicenna‚
1746 1359 2225 1444 HippocrateS,
2244 1357 2488 1422 medici
2514 1358 2773 1436 ceteri,

553 1463 740 1528 vivat
768 1462 1038 1528 Curtius
1066 1463 1437 1545 sospitator
1463 1483 1655 1527 meus
1676 1463 1691 1526 !
1710 1461 1727 1488 ’
1744 1469 1773 1508 5

643 1564 782 1628 His
811 1563 1253 1646 Wagenseilii
1283 1564 1507 1629 verbis
1546 1563 1986 1648 postscripsit
2035 1563 2387 1628 Fabricius
2430 1559 2771 1626 Bibliotb.

551 1665 754 1732 Tom.
783 1681 865 1729 11.
895 1684 960 1730 c.
995 1665 1098 1744 17.
1185 1669 1210 1698 ‘
1234 1663 1481 1730 Petrus
1511 1665 1885 1731 Blaesensis
1916 1664 2142 1748 Epist.
2169 1665 2320 1727 101.
2340 1663 2515 1726 inter
2538 1663 2773 1726 libros

554 1767 627 1830 in
657 1767 908 1830 scholis
937 1766 1232 1831 celebres
1260 1767 1587 1850 praedicat
1614 1767 1954 1850 profuisse
1978 1767 2110 1830 sibi
2138 1765 2519 1849 frequenter
2544 1763 2775 1847 inspi-

556 1888 712 1933 cere
740 1869 1060 1932 historias
1091 1867 1182 1947 Q.
1213 1867 1451 1934 Curtii.
1514 1867 1799 1934 Scholas
1826 1867 2274 1951 frequentavit
2302 1866 2544 1930 Petrus
2576 1865 2779 1930 circa

547 1989 626 2034 ·a.
658 1969 786 2033 ch.
818 1971 1010 2034 1150.
1047 1969 1182 2035 Ms.
1215 1971 1525 2036 codicem
1558 1970 2009 2036 Historiarum
2040 1968 2256 2032 Curtii
2284 1987 2686 2032 annorumo
2700 1986 2773 2032 c-

557 2069 1026 2152 tingentorum,
1057 2071 1172 2153 qui
1203 2077 1400 2135 extat
1441 2071 1731 2134 Parisiis
1778 2070 1848 2134 in
1892 2069 2319 2134 Bibliotheca
2348 2067 2776 2144 Colbertina,

561 2169 792 2241 laudat
819 2170 1198 2235 Bel-nardus
1233 2160 1808 2236 Montefalconius
1832 2169 2229 2254 praefatione
2258 2169 2347 2233 ad
2379 2169 2777 2251 Palaeogra-

563 2271 792 2355 phiam
834 2270 1173 2350 Graecam,
1215 2281 1282 2337 et
1329 2272 1503 2336 Dan.
1540 2270 1947 2336 Maichelius
1986 2270 2070 2333 de
2100 2269 2545 2334 Bibliothecis
2584 2267 2781 2334 Pari·-

417 2456 424 2463 ‚
560 2373 896 2438 siensibus
936 2393 1004 2455 p.
1045 2373 1156 2437 56.
1199 2371 1536 2457 (Journal.
1568 2372 1891 2437 Literaire
1938 2369 2135 2435 Tom.
2168 2379 2316 2434 xli.
2346 2389 2421 2453 p.
2470 2369 2579 2435 95.
2626 2369 2779 2455 96.)

563 2472 798 2539 Alium
837 2472 1272 2549 Schonhovii,
1299 2481 1653 2538 exaratum
1696 2480 1854 2537 ante
1894 2471 2170 2555 aliquot
2216 2472 2498 2549 saecula,
2525 2471 2779 2555 Brugis

567 2573 821 2638 evolvit
873 2572 1270 2637 Hadrianus
1318 2574 1594 2639 Iunius.
1680 2572 1885 2637 Alius
1931 2572 2153 2637 codex
2198 2574 2513 2659 antiquus
2554 2571 2779 2638 Curtii

458 2692 467 2700 ·
570 2675 1110 2741 membranaceus
1183 2674 1312 2737 fuit
1382 2674 1455 2738 in
1529 2672 1953 2739 Bibliotheca
2027 2672 2461 2739 Menarsiana
2531 2693 2605 2757 p.
2666 2676 2778 2740 64.

559 2776 768 2842 Alius
796 2796 835 2840 e
863 2776 1120 2840 saeculo
1151 2776 1439 2853 decimo,
1468 2777 1585 2859 qui
1613 2776 1742 2866 fuit
1765 2775 2145 2857 Bongarsii‚
2159 2783 2263 2841 est
2288 2776 2359 2841 in
2391 2774 2779 2841 Bibliothe-

487 2882 492 2889 ’
555 2899 657 2945 ‚ca
680 2876 1046 2943 Beruensi.’

655 2980 982 3062 Equidem
1021 2978 1130 3043 his
1169 2981 1585 3045 testimoniis
1630 2979 1802 3044 nihil
1852 2978 2052 3057 addo,
2084 2979 2219 3043 nisi
2256 2978 2481 3059 locum
2516 2978 2781 3044 Donati

564 3078 912 3145 ›Acciaioli
937 3076 1018 3163 (J
1025 3076 1136 3142 cti
1165 3078 1555 3157 Florentini,
1587 3081 1705 3162 qui
1738 3080 1903 3143 obiit
1933 3079 2307 3144 Mediolani
2338 3076 2562 3163 1473).
2632 3080 2778 3147 Hic

571 3186 816 3265 proeter
844 3178 981 3242 alia
1017 3179 1297 3261 scripsit
1325 3176 1561 3245 Vitam
1608 3178 1975 3263 Scipioni-5,
2022 3180 2195 3245 duce
2246 3182 2556 3265 inprimis
2612 3182 2781 3247 Plu·-

571 3280 825 3360 tarcho,
865 3280 1091 3363 ibique
1133 3280 1439 3346 laudavit
1484 3282 1887 3347 sententiam
1917 3281 2315 3350 Curtianam
2359 3284 2467 3353 his
2504 3286 2777 3349 verbis:

571 3386 596 3421 ‘
620 3382 872 3447 Verum
907 3380 1057 3446 haec
1098 3403 1222 3448 nos
1253 3384 1612 3448 admonere
1638 3383 1837 3449 debet
1876 3384 2252 3465 fragilitatis
2294 3386 2635 3462 humanae,
2666 3404 2779 3449 cu-

557 3483 681 3569 jus
709 3482 921 3548 nimia
945 3481 1050 3567 (ut
1077 3484 1190 3548 ille
1209 3492 1233 3520 ⁸
1260 3486 1503 3569 inquit)
1531 3486 1597 3549 in
1627 3486 1969 3569 prosperis
1996 3487 2197 3551 rebus
2224 3485 2481 3551 oblivio
2512 3485 2664 3549 est.’

665 3600 779 3649 ιιι.
821 3584 994 3649 Cum
1025 3585 1152 3650 hoc
1183 3585 1384 3651 modo
1409 3587 1742 3652 incertum
1772 3586 1883 3665 sit,
1912 3586 2185 3669 quando
2222 3586 2492 3653 Curtius
2524 3586 2779 3651 vixerit

637 3780 666 3809 ¹
697 3771 847 3823 Idem
875 3771 1172 3831 observarit
1203 3772 1357 3837 cnsp.
1391 3772 1643 3827 Barthins.
1711 3772 1954 3837 dicimus,
1992 3775 2128 3830 hunc
2164 3774 2611 3839 Alphonsum-non
2638 3776 2782 3827 ‹leci-

571 3853 670 3900 1-11-
690 3851 740 3897 0.
1716 3864 1855 3899 mum
1892 3852 2163 3916 Hispaniae
2198 3866 2393 3915 regem,
2422 3850 2513 3900 sed
2538 3852 2782 3916 quintum

641 3930 664 3965 5
699 3923 928 3972 Eandem
953 3938 1059 3973 rem
1085 3924 1302 3974 tradidit
1319 3925 1503 3974 AEnens
1520 3922 1631 3987 syl·
1715 3923 2021 3988 Arragoniae,
2065 3934 2121 3977 et
2170 3926 2423 3989 Neapoli·
2464 3926 2655 3985 fuisse.
2692 3927 2783 3990 qui

579 3996 692 4061 vius
711 4002 828 4049 ⁴⁷6.
861 3999 1004 4061 Opp.
1043 4000 1136 4051 ned
1169 4014 1198 4049 e
1234 4001 1363 4051 libro
1397 3999 1635 4055 Gratiani
1716 3999 1847 4049 obiit
1875 4006 2020 4051 1⁴58.

575 4070 646 4131 cle
671 4072 878 4125 casibus
901 4072 1141 4129 Virorum
1168 4072 1450 4133 illustrium
1476 4090 1528 4146 p.
1551 4078 1635 4133 2Q·
1778 4081 1800 4107 ¹
1832 4076 2043 4133 Curtius
2067 4088 2146 4134 ιγ.
2170 4079 2248 4125 14.
2273 4079 2357 4131 20.
