2858 4782
417 375 424 387 .
499 324 590 387 94
1291 334 1348 381 .1.
1395 330 1901 382 rnmnsusun

499 477 660 539 haud
711 474 1024 557 spernendi
1071 475 1362 535 exercitus
1411 484 1650 553 praetor,
1698 471 2012 533 ambitioso
2060 470 2305 550 imperio
2348 470 2555 533 mirum
2584 470 2707 531 sibi

497 574 758 635 favorem
785 571 944 653 apud
964 571 1215 631 militum
1241 570 1459 649 vulgus
1488 567 1911 631 conciliaverat
1929 567 1975 625 :b
2018 563 2379 645 principibus
2410 566 2707 627 Macedo-

500 688 644 729 num
671 666 1108 747 propinquitate
1134 667 1406 738 innexus,
1436 665 1615 727 etiam
1644 661 1899 723 Philotae
1928 679 2189 721 sororem
2220 660 2333 721 sibi
2360 660 2705 740 desponde-

499 772 594 823 rat
615 782 658 823 ιο
699 782 888 841 neque
915 771 1056 841 post
1083 770 1283 821 tantas
1327 761 1627 838 utrimque
1654 756 1916 819 offensas
1958 756 2155 817 inviso
2186 756 2519 835 infestoque
2546 753 2707 815 fides

499 859 704 919 haberi
728 869 979 937 poterat.
1059 861 1119 917 4.
1163 857 1479 936 Amyntas,
1505 874 1679 934 quem
1710 855 1891 913 fratre
1920 852 2207 913 Perdicca
2234 853 2523 931 genitum,
2550 850 2703 911 data

499 955 560 1011 in
579 954 1012 1013 matrimonium
1029 953 1226 1031 Cyna,
1246 952 1558 1031 Philippus
1578 968 1863 1029 generum
1886 947 2133 1027 legerat,
2160 946 2237 1007 ad
2266 947 2503 1025 paterni
2530 946 2707 1025 regni

500 1049 940 1109 successionem
964 1067 1068 1127 per
1096 1046 1420 1107 Alexandri
1446 1045 1675 1106 cadem
1702 1044 2051 1123 aspirabam
2130 1046 2193 1103 5.
2233 1041 2451 1120 Populi
2478 1058 2707 1118 magna

499 1162 636 1220 pars
665 1141 1038 1223 Olympiadis
1069 1140 1443 1219 tyrannidem
1470 1160 1675 1211 exosa,
1704 1138 1807 1199 alii
1849 1158 2047 1198 rerum
2086 1156 2370 1199 novarum
2396 1136 2711 1215 cupidine,

499 1238 658 1297 varie
712 1239 772 1297 in
830 1237 990 1295 hunc
1039 1246 1144 1295 aut
1181 1235 1350 1295 illum
1395 1234 1767 1295 inclinabant
1816 1232 2067 1299 studiis;
2126 1250 2237 1293 nec
2280 1232 2549 1305 deerant,
2596 1231 2711 1308 qui

500 1341 518 1367 ‘
543 1332 881 1391 Alexandro
927 1331 1128 1407 AEropi
1173 1330 1294 1391 filio
1345 1329 1777 1390 restituendum
1828 1328 2098 1389 ditarent
2144 1326 2497 1405 fri-thium:
2536 1325 2711 1404 quod

501 1426 741 1488 excluso
770 1424 1036 1503 legitimo
1073 1425 1242 1503 regni
1283 1423 1527 1497 hunde,
1566 1425 1859 1503 Amyntas
1898 1424 2089 1501 prius,
2118 1421 2341 1485 deinde
2366 1421 2713 1500 Pbifippns,

498 1521 560 1580 vi
587 1538 662 1581 ac
685 1520 892 1579 fraude
917 1520 1322 1581 invasio-ent:
1401 1522 1467 1580 6.
1510 1518 1821 1579 Exercitus
1848 1536 2087 1596 quoque
2127 1516 2305 1576 variis
2340 1536 2417 1577 ex
2442 1516 2713 1576 nationi-

499 1617 616 1677 bus
639 1616 1052 1697 oempositus‚f
1069 1626 1140 1675 ut
1165 1614 1380 1694 cuique
1409 1615 1643 1675 animus
1684 1623 1787 1673 aut
1815 1631 1953 1692 spes
1982 1620 2126 1684 erat,
2154 1609 2529 1671 discordibus
2556 1630 2711 1673 con·

499 1710 645 1771 siliis
673 1722 737 1771 et
763 1711 1130 1771 sermonibus
1159 1710 1524 1787 agitabatur.
1606 1710 1665 1768 ’7.
1710 1707 1937 1767 Contra
1965 1706 2307 1767 Alexandro
2342 1725 2565 1767 novum
2592 1708 2709 1767 im·

498 1805 748 1883 perium,
777 1824 850 1865 ac
888 1806 1083 1865 subito
1113 1803 1370 1884 Philippi
1413 1822 1560 1863 casu
1602 1802 1748 1863 nihil
1788 1800 2075 1863 adversus
2113 1803 2461 1880 ingruentes
2501 1813 2711 1862 motus

497 1902 798 1977 provisum
828 1909 993 1958 erat:
1033 1907 1095 1956 et
1121 1916 1461 1977 quanquam
1492 1896 1708 1956 indolis
1738 1896 1898 1955 haud
1927 1896 2258 1973 poeniteret,
2279 1905 2429 1955 aetas
2456 1915 2709 1975 sperne-

501 1994 692 2054 batur.
774 1993 1002 2072 Viginti
1031 2011 1318 2051 annorum
1348 1982 1833 2053 adolescentem·
1876 2002 2061 2051 tantm
2098 2010 2291 2051 rerum
2325 1990 2469 2050 moli
2496 1992 2711 2053 hume-

499 2107 597 2148 ros
627 2089 1048 2168 subjecturum,
1079 2096 1184 2147 aut
1211 2088 1262 2147 si
1288 2087 1637 2165 recepisset,
1664 2105 1863 2165 parem
1893 2085 2155 2145 futurum
2182 2104 2303 2145 non
2332 2086 2708 2147 arbi-traban-

499 2194 613 2242 tur.
697 2185 756 2241 8.
801 2183 996 2243 Etiam
1025 2200 1238 2241 nervus
1267 2180 1659 2259 gerendarum
1696 2199 1891 2241 rerum
1917 2180 2172 2260 pecunia
2200 2180 2535 2249 defeceratz
2582 2202 2711 2261 qua

501 2276 870 2340 abundantes
894 2277 1096 2337 Persm
1121 2277 1181 2337 in
1211 2295 1444 2337 omnem
1476 2276 1599 2336 fere
1623 2275 1919 2335 Graeciam
1940 2285 2315 2355 corruptores
2342 2276 2633 2337 miserant
2652 2299 2709 2345 :i

499 2384 562 2432 et
588 2391 664 2432 ne
689 2371 830 2452 quid
860 2373 1027 2433 malis
1057 2372 1321 2444 deesset,
1352 2370 1729 2436 Macedoniae
1778 2370 2074 2432 maritima
2118 2371 2301 2432 Tusci
2343 2372 2551 2451 piratae
2594 2373 2706 2434 de—

499 2467 937 2546 praedabantur.
1008 2470 1070 2528 9.
1111 2469 1475 2528 Convocatis
1502 2468 1729 2540 amicis,
1755 2486 1891 2528 cum
1921 2468 1997 2527 de
2018 2468 2297 2547 praesenti
2320 2487 2513 2528 rerum
2536 2479 2708 2530 statu

499 2560 846 2628 deliberatio
875 2563 1147 2624 instituta
1169 2574 1353 2636 esset,
1381 2584 1501 2624 non
1530 2565 1869 2635 defuerunt,
1898 2563 2005 2643 qui
2050 2565 2411 2635 censerent,¹¹
2437 2571 2455 2598 ⁴
2478 2565 2719 2624 omissa

500 2655 752 2718 Graeciae
778 2677 942 2732 cura,
967 2671 1194 2737 quanta
1219 2669 1428 2737 posset
1455 2660 1697 2728 lenitate
1726 2658 2071 2719 deficientes
2098 2660 2382 2718 barbaros
2408 2657 2475 2717 in
2502 2658 2707 2720 officio

499 2753 892 2814 continendos
921 2773 1090 2814 esse:
1133 2764 1451 2833 postquam
1478 2754 1739 2816 intestini
1766 2762 1963 2814 motus
1992 2753 2429 2827 consedissent,
2457 2752 2703 2834 longin-

499 2865 620 2926 qua
645 2847 877 2909 facilius
905 2849 1410 2929 compositurum.’
1500 2853 1596 2912 10.
1634 2850 1857 2910 Verum
1886 2848 2239 2909 adolescens
2268 2849 2487 2928 insigni
2517 2850 2706 2910 animi

498 2942 928 3022 magnitudine,
973 2954 1148 3004 cauta
1195 2945 1447 3005 consilia
1488 2963 1597 3024 pro
1638 2945 1871 3024 ignavis
1900 2943 2263 3004 fastidiebat.
2350 2951 2367 2979 ‘
2402 2945 2705 3026 Perpetuo

498 3038 756 3098 omnium
784 3039 1110 3100 contemtui
1137 3041 1455 3100 obnoxium
1484 3043 1631 3112 fore,
1661 3041 1711 3100 si
1739 3041 1799 3100 in
1828 3040 2119 3119 principio
2155 3039 2323 3118 regni
2364 3039 2607 3117 impune
2637 3062 2707 3101 sa

498 3132 696 3212 sperni
721 3140 1050 3210 pateretur:
1099 3130 1176 3190 ad
1214 3152 1449 3194 omnem
1490 3135 1777 3214 deinceps
1811 3135 1991 3196 vitam
2019 3135 2326 3211 pertinere,
2349 3134 2587 3213 qualem
2628 3137 2707 3198 de

500 3244 564 3285 se
620 3223 955 3303 opinionem
1011 3227 1068 3286 in
1119 3225 1331 3286 animis
1387 3229 1691 3288 hominum
1740 3228 2033 3308 incipiens
2090 3228 2407 3308 imperator
2460 3231 2703 3292 excitet.

503 3323 598 3379 11.
641 3317 902 3399 Philippi
947 3339 1152 3380 necem
1181 3320 1345 3382 haud
1373 3325 1565 3402 magis
1600 3325 1733 3397 sibi,
1770 3343 1951 3403 quam
1994 3324 2311 3384 rebellibus
2354 3325 2710 3403 inexpecta-

497 3429 620 3476 tam
647 3413 977 3475 accidisse:
1023 3414 1388 3494 trepidantes
1417 3419 1637 3493 adhuc,
1664 3429 1727 3479 et
1752 3418 1985 3480 consilii
2014 3419 2272 3478 incertos
2316 3416 2483 3483 nullo
2512 3435 2703 3496 nego-

498 3512 584 3572 tio
611 3509 862 3590 opprimi
889 3529 1107 3590 posse:
1149 3530 1254 3590 per
1297 3514 1697 3574 Macedonum
1744 3513 2183 3573 cunctationem
2212 3512 2365 3590 erigi
2388 3511 2701 3574 seditionis

497 3619 806 3678 auctorem
849 3615 912 3664 et
937 3607 1040 3683 qui
1069 3625 1227 3666 nunc
1254 3607 1432 3668 etiam
1470 3620 1748 3670 nutarent
1788 3608 2025 3680 animis,
2056 3607 2550 3668 tumultuantibus
2592 3627 2701 3668 ac-

495 3718 790 3764 cessuros.
835 3691 842 3696 ’
885 3701 980 3758 12.
1026 3701 1119 3760 Ita
1157 3711 1366 3763 contra
1413 3714 1654 3784 paratos
1696 3704 2195 3783 confirmatosque
2237 3722 2458 3783 anceps
2488 3701 2699 3765 discri-

560 3884 583 3918 δ
619 3887 776 3936 Diod.
794 3887 897 3938 Sic.
919 3898 1065 3942 xvn.
1089 3905 1141 3954 p.
1168 3895 1280 3944 ⁸68.
1706 3890 1725 3926 ²
1746 3892 2047 3945 sustin-xi.
2069 3898 2117 3944 1.
2142 3899 2190 3944 ι.

561 3966 584 3992 ⁶
619 3960 766 4011 Curi.
791 3973 873 4011 vr.
895 3966 944 4011 ο.
970 3967 1048 4014 17.
1697 3977 1723 4011 ⁸
1752 3968 1947 4020 Justin.
1969 3969 2005 4018 l.
2024 3970 2061 4018 1.
2084 3969 2293 4020 Arrian-
2320 3983 2361 4019 ι.
2384 3973 2439 4020 1.

561 4032 587 4066 ⁴
619 4033 700 4082 ld.
725 4033 757 4081 Ι.
780 4035 814 4083 Ι.
840 4035 988 4088 Plut.
1009 4036 1074 4087 de
1095 4039 1237 4090 Fort.
1253 4039 1416 4094 Alex..
1438 4046 1555 4093 Lt-
1698 4051 1722 4098 t
1756 4043 1900 4094 Plut.
1924 4043 2195 4094 Demostli.
2222 4059 2272 4108 p.
2295 4049 2412 4094 855.

563 4118 584 4146 ⁸
621 4111 758 4161 Plut.
791 4111 824 4161 1.
840 4123 877 4164 ι.
901 4111 1105 4164 Ari-ian.
1131 4115 1166 4166 Ι.
1189 4121 1270 4166 26.
1696 4117 1720 4156 ⁸
1754 4117 1899 4171 Plut.
1920 4117 2073 4170 Alex.
2098 4134 2150 4183 p.
2172 4123 2287 4170 670.
2310 4119 2506 4176 δικαίη.
2528 4121 2563 4173 1.
2589 4122 2624 4170 1.
