2858 4782
1109 895 2137 996 PROOEMIUM.

877 1275 999 1342 [nx
1033 1275 1226 1328 surr.
1261 1277 1451 1332 rulo.
1484 1277 1937 1342 scamnum,
1965 1275 2172 1330 oon.
2207 1279 2377 1342 isos]

541 1585 894 1674 Accxm‘r
928 1600 1181 1677 Curtio,
1222 1600 1409 1684 quod
1451 1600 1605 1665 aliis
1636 1598 2039 1684 quibusdam
2069 1608 2391 1680 veterum,
2420 1605 2493 1665 ut
2522 1601 2614 1666 de
2646 1622 2730 1667 eo

541 1705 707 1769 nihil
753 1702 1238 1787 propemodum
1287 1704 1606 1768 sciamus.
1679 1707 1701 1736 ‘
1720 1699 2049 1781 Quintum
2092 1701 2397 1768 Curtium
2432 1703 2698 1770 Rufum
2720 1702 2737 1728 '

545 1805 960 1890 appellatum
979 1801 1217 1879 fuisse,
1239 1822 1327 1867 ex
1357 1809 1679 1887 perpetuo
1701 1802 2018 1868 librorum
2035 1810 2333 1869 veterum
2358 1822 2733 1882 consensu3

547 1905 923 1970 Romanum
950 1901 1187 1980 fuisse,
1215 1921 1306 1966 ex
1352 1903 1646 1980 nomine,
1676 1921 1760 1967 ex
1811 1905 2128 1982 oratione,
2172 1910 2380 1986 atque
2426 1923 2515 1967 ex
2563 1903 2733 1968 loco

401 2077 407 2082 ,
533 2005 704 2094 111)ιί
732 2004 976 2070 decimi
1003 2023 1155 2086 cap.
1175 2003 1240 2068 9.
1261 2001 1326 2066 3.
1354 2002 1758 2086 intelligitur.
1802 2002 2041 2068 Cetera
2066 2004 2466 2086 ignorantur.
2512 2001 2737 2067 Nam-

551 2127 680 2192 que
710 2105 796 2170 de
845 2110 1046 2169 aetate
1083 2103 1228 2188 ejus
1257 2104 1382 2168 viri
1410 2103 1642 2170 docti
1620 2124 1685 2169 in
1714 2105 2009 2169 maxime
2039 2103 2309 2191 diversa
2335 2087 2735 2183 discedu‘nt3

548 2206 665 2270 alii
689 2203 1022 2281 Ciceroni,
1051 2203 1168 2269 alii
1206 2202 1513 2287 Augusto
1535 2205 1861 2286 aequalem
1888 2204 2121 2282 fuisse,
2144 2182 2261 2270 alii
2275 2205 2417 2268 sub
2444 2203 2731 2268 Tiberio

549 2307 662 2391 (ut
691 2303 1008 2370 Raderus
1049 2311 1115 2370 et
1165 2302 1611 2390 Perizonius),
1656 2305 1772 2370 alii
1810 2307 1938 2370 sub
1968 2303 2255 2369 Claudio
2305 2303 2418 2390 (ut
2447 2305 2731 2388 Lipsius

551 2414 617 2472 et
643 2408 742 2471 Le
768 2402 1072 2488 Tellicr),
1115 2405 1234 2469 alii
1282 2406 1409 2469 sub
1459 2405 1888 2490 Vespasiano
1931 2406 2039 2493 (ut
2076 2404 2370 2472 Vossius
2399 2415 2467 2473 et
2498 2406 2733 2470 Frein-

549 2502 902 2588 shemius),
929 2504 1045 2569 alii
1073 2504 1364 2589 Trajano
1405 2506 1795 2589 imperante,
1836 2506 1949 2571 alii
1990 2505 2407 2571 Constantini
2435 2504 2534 2570 M.
2560 2512 2734 2571 tem-

549 2608 826 2692 poribus
852 2604 967 2691 (ut
989 2604 1101 2671 Jo.
1132 2604 1377 2671 Franc.
1416 2605 1464 2672 J
1470 2626 1570 2671 os.
1600 2604 1957 2690 Bagnolo),
2008 2606 2168 2690 quin
2216 2605 2584 2671 Theodosii
2620 2606 2731 2691 (ut

549 2707 628 2773 G.
661 2702 1033 2788 Bar-thius),
1065 2712 1160 2781 et,
1191 2724 1276 2768 ne
1303 2706 1372 2768 in
1403 2724 1474 2769 re
1503 2704 1708 2770 dubia
1735 2706 1940 2771 verba
1979 2725 2391 2785 consumam,
2423 2706 2543 2772 alii
2570 2708 2731 2773 aliis

545 2806 956 2890 temporibus
1001 2806 1260 2871 vixisse
1309 2807 1665 2888 probatum
1710 2807 1993 2871 iverunt.
2081 2805 2385 2884 Quorum
2430 2811 2731 2874 omnium

545 2911 926 2990 argumenta
970 2904 1239 2971 modum
1291 2907 1711 2989 praefatiouis
1760 2908 2183 2987 excederent,
2242 2913 2311 2974 et
2363 2909 2433 2973 in
2492 2908 2733 2973 Cunzii

545 3004 637 3071 V.
666 3006 745 3072 G.
777 3004 1116 3087 Ptolegg.⁸
1143 3004 1498 3085 diligenter
1540 3006 1857 3091 exposita
1890 3010 2326 3091 reperiuntur.
2412 3008 2561 3093 Ego
2589 3012 2729 3094 pri-

541 3124 728 3172 mum
750 3102 1142 3169 sententiam
1163 3100 1520 3182 Perizonii,
1544 3105 1611 3169 in
1630 3125 1829 3190 quam
1853 3115 2193 3191 postremo
2218 3109 2472 3175 saeculo
2496 3111 2729 3194 plures

545 3207 832 3272 virorum
883 3202 1228 3267 doctorum
1275 3214 1722 3283 accesserunt,
1771 3207 2007 3273 deinde
2046 3210 2093 3273 J
2101 3255 2119 3274 .
2150 3210 2259 3275 Fr.
2288 3210 2360 3277 J.
2394 3212 2727 3293 Bagnolo,

543 3307 669 3371 viri
711 3306 883 3369 inter
927 3301 1139 3367 Italos
1181 3302 1561 3383 clarissimi,
1592 3305 1675 3371 de
1705 3306 1917 3371 Curtii
1946 3312 2142 3373 aetate
2160 3310 2510 3392 judicium,
2541 3312 2729 3395 quod

543 3405 1076 3471 recentissimum
1102 3408 1223 3482 est,
1251 3423 1590 3489 exponere
1618 3408 1787 3472 satis
1814 3407 2051 3473 habeo.

629 3505 1019 3571 Perizonius
1048 3504 1249 3587 igitur
1271 3524 1360 3569 ex
1383 3504 1600 3571 Curtii
1628 3506 1801 3586 loco,
1828 3522 1905 3572 Χ.
1923 3510 1988 3573 9.
2016 3509 2080 3574 3.
2108 3528 2492 3593 quanquam
2514 3530 2728 3595 vagus

547 3615 652 3675 est
693 3614 765 3672 et
807 3606 1095 3691 plurium
1145 3606 1768 3689 interpretationum
1818 3610 2112 3692 patiens,
2164 3616 2363 3695 atque
2408 3631 2499 3676 ex
2546 3614 2725 3698 stylo

545 3710 671 3775 sub
699 3708 969 3774 Tiberio
998 3706 1255 3771 vixisse
1284 3708 1708 3791 conjectavit,
1741 3708 1923 3775 Curt.
1952 3709 2161 3775 vind.
2190 3731 2259 3795 p.
2289 3714 2354 3778 3.
2415 3716 2437 3745 ‘
2474 3712 2725 3780 Nullus

545 3806 823 3884 dubito,’
868 3808 1106 3891 inquit,
1156 3812 1175 3841 ‘
1202 3807 1366 3891 quin
1417 3806 1611 3872 fuerit
1660 3810 1773 3873 ille
1802 3809 2076 3888 Rhetor,
2120 3812 2236 3894 qui
2286 3813 2359 3877 in
2395 3811 2727 3898 Catalogo

549 3910 916 3976 Rhetorum
947 3908 1015 3971 in
1047 3907 1288 3973 Msstis
1318 3908 1709 3975 Suetoniani
1752 3909 1981 3988 libelli,
2028 3910 2111 3975 de
2154 3909 2372 3978 Claris
2414 3912 2727 3980 Rhetori-

1090 4109 1112 4135 ⁸
1143 4102 1299 4165 [Quae
1321 4102 1437 4155 huic
1454 4105 1713 4158 Prooemio
1736 4106 2009 4169 subjuncta
2032 4108 2191 4169 sunm]
