2858 4782
641 399 724 449 m
773 393 1130 461 Qumrun
1179 397 1530 447 cunum:
1581 399 1871 450 aurun.
1978 465 1983 470 ¹
2260 387 2347 452 17

137 567 296 613 aevo
323 541 796 610 Theodosiano
821 544 1078 610 statuit.
1167 543 1692 609 Recentioribus
1719 545 1987 609 tandem
2024 547 2345 629 tempori*-

139 653 276 713 bus
305 649 466 714 eam
483 667 628 711 rem
653 647 925 712 uberius
949 645 1302 730 fusiusque
1337 645 1668 723 tractavit,
1696 649 1918 728 atque,
1958 655 2039 711 ut
2079 667 2345 712 omnem

142 749 420 815 tandem
449 747 966 813 controversiam
994 747 1361 824 dirimeret,
1404 747 1645 814 enixus
1670 754 1778 811 est
1806 747 1928 825 vir,
1974 765 2131 812 cum
2154 747 2349 812 illus-

143 853 484 916 trissimus
513 857 657 914 tum
707 847 1174 925 doctissimus,
1221 847 1270 913 J
1273 865 1523 912 oannes
1572 845 1975 913 Franciscus
2004 848 2053 914 J
2054 849 2350 934 osephus

147 951 484 1034 Bagnolo,
513 948 762 1015 Comes
787 949 1027 1028 Italus,
1059 951 1126 1013 in
1151 949 1324 1014 libro
1353 949 1694 1030 singulari,
1732 967 1932 1033 quem
1960 947 2348 1032 inscripsit:

148 1051 408 1118 ‘Delia
432 1051 653 1117 Gente
675 1049 926 1114 Curzia
949 1069 989 1114 e
1015 1049 1168 1115 dell'
1197 1049 1326 1114 Eta
1350 1049 1421 1113 di
1452 1048 1544 1128 Q.
1574 1045 1821 1114 Gurzio
1846 1047 1891 1113 1’
1895 1047 2184 1115 Istorico
2208 1035 2353 1115 Ra-

147 1149 628 1237 gionamento?
711 1151 980 1216 Prodiit
1005 1151 1116 1216 hic
1145 1152 1318 1216 liber
1347 1152 1678 1216 Bononiae
1713 1165 2087 1216 unccxm.
2134 1151 2353 1216 forma

151 1255 529 1333 octonaria,
576 1259 945 1338 auctorque
989 1250 1300 1317 Curtium
1329 1251 1418 1318 ad
1467 1251 1981 1319 Constantinum
2028 1249 2351 1336 Magnum

151 1355 449 1420 reduxit.

241 1453 560 1540 Quisque
585 1456 822 1522 borum
848 1457 1202 1522 auctorum
1231 1455 1633 1522 firmissimis
1664 1457 2068 1539 argumentis
2096 1457 2357 1540 placita

154 1575 288 1622 sua
314 1557 576 1636 munire
603 1562 808 1640 atque
835 1559 1202 1645 quemlibet
1241 1559 1311 1622 in
1343 1557 1477 1622 alia
1509 1557 1737 1620 omnia
1764 1555 2224 1623 discedentem
2252 1577 2357 1622 re-

155 1657 384 1722 fellere
411 1676 494 1722 ac
523 1657 916 1740 redarguere
962 1663 1244 1723 conatus
1287 1662 1406 1721 est.
1494 1656 1632 1721 Sed
1664 1661 1846 1721 tanta
1873 1657 1997 1721 illa
2022 1663 2358 1723 tantorum

157 1760 455 1823 virorum
505 1757 844 1822 dissensio
889 1759 1061 1823 satis
1109 1758 1350 1842 arguit,
1388 1765 1531 1824 tam
1559 1756 1942 1841 periculosa
1981 1765 2053 1822 et
2093 1757 2359 1824 lubrica

155 1879 260 1924 res
291 1878 499 1943 quam
536 1857 783 1923 babeat
820 1858 1391 1938 deliberationem,
1423 1867 1651 1942 atque,
1680 1878 1766 1922 ne
1804 1863 1873 1924 et
1916 1859 2055 1942 ipsi
2093 1859 2357 1944 impetu

155 1967 280 2026 aut
309 1959 680 2028 temeritate
717 1957 1010 2043 quadam
1051 1958 1374 2024 ducamur
1409 1959 1498 2024 ad
1516 1959 1983 2044 judicandum,
2013 1979 2192 2042 opus
2222 1967 2355 2039 est,

157 2061 450 2146 primum
488 2068 568 2125 ut
605 2061 734 2126 rite
767 2060 1287 2144 perpendamus,
1316 2061 1481 2146 quid
1506 2060 1645 2125 loci
1686 2061 1801 2126 isti
1830 2059 2045 2125 Curtii
2077 2061 2210 2125 sibi
2242 2080 2353 2126 ve-

157 2163 307 2238 lint,
340 2157 583 2225 deinde
615 2165 690 2224 ut
713 2179 867 2225 cum
899 2179 1064 2224 cura
1091 2180 1173 2226 ac
1199 2161 1547 2244 diligentia
1578 2159 1955 2226 Historiam
1986 2161 2361 2246 Imperato-

159 2281 308 2328 rum
336 2261 629 2338 illorum,
657 2280 697 2325 e
723 2261 970 2345 quibus
1012 2263 1401 2346 quempiam
1427 2260 1779 2345 designare
1804 2263 2037 2346 potuit
2066 2261 2359 2341 Curtius,

159 2362 630 2447 inspiciamus.
719 2361 900 2428 Nam
960 2363 1251 2444 cognitis
1311 2363 1576 2428 demum
1636 2363 2141 2447 perspectisque
2194 2363 2361 2429 vitis

161 2465 599 2547 moribusque
624 2463 860 2528 horum
888 2464 1271 2547 principum
1297 2464 1470 2529 bene
1491 2476 1809 2549 recteque
1836 2466 2173 2549 conjicere
2196 2485 2362 2549 pos-

159 2586 422 2645 sumus,
453 2566 729 2649 quinam
774 2566 1039 2631 illorum
1093 2564 1347 2642 Curtio,
1373 2565 1763 2631 felicitatem
1808 2566 2151 2649 publicam
2198 2586 2358 2633 con-

161 2666 519 2751 templanti
547 2666 943 2750 civibusque
981 2666 1492 2747 congratulanti,
1520 2674 1673 2732 ante
1715 2665 1953 2731 oculos
1988 2666 2079 2734 sit
2123 2668 2363 2736 obver-

159 2776 390 2832 satus.

247 2867 367 2933 Ad
410 2868 706 2952 priorem
731 2868 912 2953 quod
942 2870 1175 2935 attinet
1213 2870 1442 2935 locum
1474 2886 1572 2936 ιν.
1599 2872 1667 2937 4.
1697 2872 1812 2935 fin.
1834 2870 2149 2956 equidem
2180 2870 2360 2950 inde,

161 2968 352 3053 quod
381 2970 471 3033 ad
511 2977 782 3036 aetatem
821 2970 1041 3037 Curtii
1074 2970 1521 3036 definiendam
1561 2972 1911 3055 pertineat,
1939 2971 2108 3037 nihil
2136 2980 2363 3037 extor-

161 3089 372 3153 quere
399 3090 704 3153 possum,
732 3076 934 3155 quain
961 3070 1234 3137 Curtius
1269 3077 1434 3156 post
1469 3070 1793 3137 Severum
1823 3072 2020 3150 vixit,
2046 3078 2198 3138 cu'm
2229 3074 2365 3137 ista

163 3174 188 3204 ‘
209 3171 664 3237 mansuetudo
710 3170 1060 3237 Romana’
1102 3173 1228 3238 vix
1271 3172 1409 3238 alia
1440 3192 1601 3237 esse
1642 3174 1889 3257 possit,
1932 3193 2131 3258 quam
2168 3173 2366 3259 hujus

164 3270 627 3355 Imperatoris,
674 3273 792 3355 qui
824 3273 873 3339 J
877 3292 957 3337 us
1003 3274 1318 3339 Italicum
1345 3274 1575 3355 Tyriis
1604 3276 1960 3342 concessit.
2049 3274 2365 3342 Ceterum

162 3392 272 3437 me
290 3373 533 3457 judice
563 3373 781 3450 locus,
811 3393 1008 3457 quem
1037 3382 1310 3451 vocant,
1341 3374 1715 3439 communis
1744 3374 2143 3459 minimeque
2180 3380 2201 3413 ‘
2222 3378 2369 3441 lon·

165 3493 254 3557 ga
283 3474 462 3559 pax’
491 3473 580 3540 ad
609 3476 965 3559 imperium
1007 3474 1391 3541 Romanum
1437 3476 1826 3540 universum
1852 3476 2197 3542 reserenda
2239 3482 2366 3555 est,

171 3574 296 3639 sed
323 3576 560 3659 potius
588 3576 736 3642 haec
776 3576 918 3642 fere
961 3578 1262 3643 voluisse
1307 3576 1443 3642 sibi
1486 3576 1750 3641 videtur
1784 3576 2060 3643 Curtius
2085 3598 2106 3642 ε
2147 3577 2369 3662 Tyrus

167 3683 335 3759 post
363 3677 710 3743 excidium
739 3685 970 3744 renata
1006 3680 1346 3764 nullisque
1380 3679 1671 3764 amplius
1710 3678 2026 3745 hostibus
2048 3680 2369 3745 infestata

169 3778 309 3842 cito
335 3778 632 3857 reviruit,
662 3779 988 3863 siquidem
1018 3779 1218 3864 longa
1241 3800 1384 3866 pax
1414 3785 1661 3845 cuncta
1690 3780 1966 3858 refovet,
1994 3780 2229 3865 quidni
2260 3800 2372 3845 ur-

169 3880 328 3943 bem
355 3878 582 3958 talem,
608 3880 704 3945 ad
731 3900 902 3967 opes
929 3882 1426 3967 recuperandas
1466 3888 1676 3965 atque
1708 3881 2051 3964 augendas
2082 3888 2217 3947 tam
2248 3902 2371 3969 op·

168 3986 459 4063 portuno
483 3981 684 4047 sitam
701 3984 734 4047 'l

261 4079 433 4145 Plus
463 4082 706 4149 auxilii
746 4084 944 4152 locus
972 4084 1142 4151 alter
1182 4102 1261 4151 x.
1295 4088 1360 4152 9.
1403 4086 1473 4151 3.
1515 4084 1727 4163 affert,
1756 4086 1817 4151 si
1860 4106 1997 4150 non
2038 4084 2145 4151 ad
2170 4086 2371 4152 extri·-

173 4179 460 4247 candam
491 4183 842 4251 veritatem
883 4185 1062 4255 haud
1107 4186 1567 4267 dubitandam,
1597 4186 1681 4253 ad
1724 4185 2145 4270 conjecturas
2191 4192 2371 4251 certe

303 4290 486 4357 υιιριι.
507 4296 554 4341 «e
581 4292 696 4343 rar.
714 4294 846 4347 cta.
1186 4296 1250 4352 Q.
1279 4296 1422 4348 cere.
2194 4295 2240 4343 a
