2858 4782
498 359 624 426 128
1276 369 1338 419 σ.
1387 369 1887 420 ιτιιεικειιεκιι

493 514 904 594 experimentis
943 512 1242 593 cog-novit,
1285 511 1671 572 admiratione
1696 510 1929 572 virtutis
1960 511 2043 570 ita
2068 508 2271 581 coluit,
2290 517 2361 570 ut
2384 527 2521 568 cum
2550 515 2693 586 post

493 629 762 670 eversum
804 610 966 668 Darii
1008 608 1312 688 imperium
1353 606 1550 666 animo
1584 605 1801 676 elatus,
1846 607 2139 666 neminem
2171 605 2298 684 jam
2326 604 2523 666 salute
2552 604 2690 684 dig-

496 717 749 775 naretur,
791 705 868 764 ad
892 722 1067 783 quem
1097 703 1427 769 scribebam
1473 700 1909 761 eximium-eum
1948 701 2231 761 honorem
2270 699 2505 760 duobus
2556 709 2692 760 tan·

493 809 642 872 tum,
668 800 976 879 Antipatro
1003 809 1064 858 et
1091 795 1375 856 Phocioni
1403 794 1720 856 habuerit.¹¹
1778 797 1882 855 20.
1924 795 2181 856 Constat
2199 795 2337 856 huic
2362 792 2695 872 aliquando

493 907 732 956 centum
775 895 1000 954 talenta
1043 892 1201 953 dono
1247 892 1485 951 misisse
1532 909 1765 969 regem:
1789 898 1813 923 ⁰
1854 888 2069 950 deinde
2118 891 2418 970 optionem
2462 889 2695 958 ,fecisse

493 993 646 1050 inter
681 1000 932 1069 quatuor
971 988 1134 1048 haud
1177 987 1467 1066 ignobiles
1498 985 1671 1062 ‚Asiae
1712 986 1887 1044 urbes
1928 1005 2107 1045 unam
2150 984 2431 1064 eligendi.
2518 985 2695 1057 Cius,

497 1084 682 1158 Elaea,
719 1085 1104 1164 Mylassaque
1137 1094 1199 1142 et
1227 1081 1531 1161 Gergetho
1558 1081 1760 1140 fuere:
1802 1080 2045 1158 quidam
2071 1082 2279 1141 ultimo
2306 1079 2439 1140 loeo
2468 1080 2699 1143 Patara

495 1181 819 1240 nominant.
902 1181 1003 1238 21.
1049 1179 1128 1237 At
1165 1178 1263 1236 ille
1304 1177 1449 1236 nihil
1485 1176 1695 1235 horum
1742 1176 2011 1254 accepit:
2054 1176 2161 1236 sed
2208 1195 2282 1236 ne
2324 1175 2477 1235 tanti
2529 1178 2693 1254 regis

495 1275 809 1335 amicitiam⁴
837 1273 1139 1334 fastidiose
1181 1273 1474 1351 sprevisse
1512 1269 1830 1342 videretur,
1876 1271 2067 1351 petiit,
2109 1277 2126 1305 ‘
2152 1281 2217 1330 ut
2268 1269 2695 1332 Echecratides

495 1369 784 1448 sophista,
804 1379 864 1428 et
887 1367 1302 1429 Athenodorus
1324 1366 1593 1439 Imm-ius,
1620 1386 1754 1426 cum
1784 1367 2103 1428 Demarato
2130 1377 2193 1426 et
2203 1367 2499 1445 Spartone
2522 1365 2693 1426 Rho-

497 1465 655 1534 diis:
695 1465 794 1544 qui
835 1466 894 1524 in
937 1485 1070 1525 arce
1111 1465 1404 1524 Sar-diana
1444 1463 1661 1543 captivi
1702 1464 2073 1536 tenebantur,
2114 1469 2131 1497 ‘
2162 1461 2435 1522 custodia
2474 1460 2693 1522 libera-

495 1560 772 1620 rentur.'¹’
853 1563 954 1620 22.
1013 1560 1134 1620 Sed
1175 1559 1308 1620 haec
1351 1559 1410 1617 in
1456 1577 1712 1638 sequens
1764 1569 1995 1636 tempus
2045 1575 2389 1618 excurrere:
2432 1567 2563 1615 tum
2614 1555 2691 1616 ad

498 1655 796 1736 Ephesum
821 1655 968 1714 itum
995 1665 1137 1727 est,‘¹
1177 1674 1356 1734 quam
1386 1664 1634 1735 accepto
1661 1653 1849 1714 cladis
1872 1652 2129 1714 Persicae
2157 1653 2365 1712 nuntio
2386 1651 2693 1730 praesidia-

495 1751 560 1810 rii
588 1750 988 1820 deseruerant,
1032 1749 1262 1810 duabus
1295 1747 2042 1829 Ephesiorum-triremibus
2078 1747 2287 1808 avecti.
2366 1745 2511 1806 Erat
2538 1746 2693 1806 inter

495 1863 599 1904 eos
649 1846 938 1922 Amyntas
981 1844 1258 1904 Antiochi
1283 1843 1482 1914 filius,¹
1520 1843 1623 1922 qui
1648 1861 1721 1902 ex
1750 1841 2109 1902 Macedonia
2132 1842 2494 1922 profugerat,
2524 1842 2692 1902 nulla

495 1937 736 2018 quidem
763 1937 970 2015 injuria
997 1937 1266 2009 affectus,
1295 1937 1404 1997 sed
1423 1937 1587 2015 quod
1602 1937 1925 2016 periculum
1947 1957 1984 1997 a
2004 1957 2143 2016 rege
2158 1947 2483 1996 metueret:
2510 1925 2709 2014 quem'

495 2033 640 2114 quia
657 2032 909 2090 invisum
937 2050 1298 2109 exosumque
1326 2030 1603 2104 babebat,
1626 2031 1783 2092 illius
1814 2033 2073 2092 animum
2088 2052 2163 2094 ex
2182 2050 2291 2093 suo
2314 2032 2693 2092 metiebatur.

497 2129 595 2186 23.
655 2127 880 2194 Quarto
932 2136 1248 2205 postquam
1295 2126 1583 2186 Sardibus
1632 2129 1913 2188 movisset
1950 2128 2067 2200 die,
2118 2128 2417 2208 Ephesum
2468 2127 2699 2188 introiit

493 2221 881 2282 Alexander:
947 2220 1348 2299 restitutisque
1403 2221 1697 2293 exulibus,
1753 2221 1853 2299 qui
1908 2241 2229 2302 paucorum
2282 2220 2697 2282 dominatione

495 2319 654 2398 pulsi
677 2319 930 2389 fuerant,
961 2315 1376 2396 rempublicam
1406 2317 1629 2397 populo
1656 2316 1921 2378 tradidit.
2006 2317 2113 2376 Ille
2136 2317 2423 2377 libertatis
2456 2315 2561 2376 diu
2584 2316 2693 2376 de-

495 2414 772 2476 sideratae
809 2432 1075 2493 compos,
1116 2432 1220 2471 eos
1257 2413 1360 2491 qui
1389 2413 1767 2471 Memnonem
1797 2412 2267 2485 advocavissent,
2294 2414 2512 2492 quique
2541 2425 2697 2473 tem-

495 2510 660 2588 plum
691 2510 902 2571 Dianae
933 2508 1312 2587 spoliassent,
1350 2508 1532 2587 inque
1581 2528 1653 2568 eo
1698 2508 1955 2588 Philippi
2002 2520 2261 2570 statuam
2310 2508 2699 2587 dejecissent,

497 2613 602 2663 aut
629 2602 958 2681 Heropythi
1000 2613 1443 2661 monumentum
1482 2602 1846 2675 effodissent,
1888 2603 2049 2682 quod
2089 2602 2385 2663 liberatori
2428 2604 2697 2663 civitatis

493 2698 554 2757 in
575 2697 701 2757 foro
725 2697 984 2775 positum
1013 2696 1222 2767 fuerat,
1251 2696 1330 2755 ad
1349 2697 1703 2776 supplicium
1729 2697 1964 2776 poscit.⁸
2043 2700 2143 2758 24.
2204 2698 2293 2755 Ex
2330 2696 2547 2775 quibus
2573 2697 2697 2757 Pe-

495 2793 675 2873 lagon
701 2812 838 2851 cum
865 2792 1041 2853 fratre
1071 2792 1372 2872 Syrphace
1399 2801 1463 2851 et
1495 2792 1880 2871 patruelibus„
1928 2812 2004 2851 ex
2050 2792 2181 2870 ipsa
2216 2791 2346 2851 oede
2395 2791 2457 2849 in
2506 2812 2699 2871 quam

495 2888 901 2969 confugerant,
948 2889 1099 2968 rapti
1143 2900 1304 2959 sunt,
1349 2886 1667 2965 statimque
1706 2886 1999 2966 lapidibus
2036 2887 2246 2947 obruti.
2329 2886 2586 2965 Jamque
2628 2888 2699 2947 in

495 2983 694 3045 coedes
723 2996 784 3044 et
810 2984 1049 3063 injurias
1091 2985 1321 3052 ibatur;
1362 3002 1499 3043 cum
1545 2980 1885 3041 Alexander
1929 2980 2176 3040 inhibita
2222 2980 2381 3058 vulgi
2422 2981 2697 3055 licentia,

495 3078 742 3136 ulterius
787 3097 859 3137 eo
908 3080 985 3137 de
1033 3079 1271 3155 negotio
1299 3078 1535 3157 inquiri,
1565 3088 1669 3136 aut
1695 3076 1909 3153 cuique
1936 3075 2265 3135 molestiam
2294 3074 2555 3135 exhiberi
2586 3099 2697 3138 ve-

496 3170 646 3229 tuit:
677 3170 738 3229 id
766 3171 1000 3249 optimis
1027 3171 1360 3249 quibusque
1387 3172 1564 3231 saluti
1592 3172 1741 3239 fuit;
1771 3190 1921 3250 quos
1950 3190 2052 3251 per
2079 3190 2319 3231 causam
2340 3172 2460 3232 veri
2490 3173 2701 3235 fietive

493 3263 773 3337 criminis,
801 3264 1058 3345 ipsorum
1104 3265 1364 3345 dignitas
1413 3277 1516 3325 aut
1560 3266 1883 3344 opulentia,
1924 3264 2258 3326 furibundae
2298 3267 2489 3346 plebis
2530 3269 2697 3329 odiis

495 3358 872 3439 avaritiaeque
916 3361 1247 3439 objecisset.
1310 3364 1411 3422 25.
1442 3363 1603 3421 Inter
1628 3362 1755 3421 haec
1788 3363 2105 3443 Magnetes
2122 3371 2185 3421 et
2210 3360 2490 3421 Tralliani
2520 3364 2699 3442 lega-

496 3465 589 3514 tos
629 3454 890 3528 mittunt,
935 3454 1240 3534 imperium
1279 3458 1644 3536 accepturiz‘
1684 3475 1757 3515 eo
1801 3456 2233 3515 ‘Parmenione
2256 3476 2392 3515 cum
2422 3458 2701 3538 quinque

491 3550 757 3629 peditum
813 3550 1088 3624 millibus,
1131 3552 1545 3630 equitibusque
1593 3551 1865 3611 ducentis
1912 3551 2029 3609 ire’
2066 3552 2281 3629 jusso:
2326 3551 2697 3617 Alcimalum

493 3665 629 3705 cum
657 3646 895 3725 paribus
919 3646 1037 3706 fere
1079 3648 1264 3727 copiis
1310 3649 1530 3707 circum
1578 3647 1847 3725 AEolicae⁶
1878 3646 2230 3723 Ionicasque
2274 3646 2497 3707 Persici
2532 3648 2695 3727 juris

459 3758 464 3765 ·
494 3743 666 3801 urbes
697 3742 890 3801 mittit.
973 3744 1072 3802 26.
1119 3744 1360 3822 Utrique
1385 3744 1733 3822 injunctum,
1777 3749 1793 3776 ‘
1817 3752 1884 3801 ut
1912 3743 2133 3802 abolito
2156 3760 2477 3821 paucorum
2496 3743 2695 3807 domi·

559 3936 584 3961 ⁸
616 3930 758 3981 Plut.
779 3931 1026 3983 Phocion.
1048 3948 1101 3999 p.
1125 3938 1240 3986 749.
1690 3942 1711 3967 τ
1740 3931 1822 3982 Id.
1846 3931 1883 3980 1.
1906 3930 1939 3983 1.
2004 3932 2153 3983 Curt.
2174 3946 2258 3983 nr.
2283 3936 2361 3981 ιι.
2389 3935 2468 3984 18.

556 4011 580 4036 ⁰
613 4006 793 4055 IEliau.
820 4008 937 4057 Var.
963 4010 1104 4062 nint.
1138 4026 1176 4065 ι.
1199 4017 1279 4063 25.
1688 4016 1707 4041 ·
1740 4006 1948 4059 Ari-ian.
1970 4008 2004 4055 l.
2032 4008 2065 4059 Ι.
2214 4068 2216 4073 .

560 4086 586 4121 ι’
619 4080 700 4129 ω.
725 4082 758 4129 ι.
783 4082 815 4130 ι.
1684 4088 1701 4117 t
1742 4082 1887 4133 1a.1.
1910 4086 1989 4133 ιο.
2174 4060 2213 4105 ·“

557 4164 582 4197 ⁴¹
619 4153 819 4205 Arrian.
844 4170 881 4204 ῐ.
910 4158 988 4207 18.
