2858 4782
473 381 562 450 70
1269 394 1328 442 J,
1376 391 1883 444 rnssmsfflmu

476 539 531 598 vi
577 547 798 612 tamen,
844 555 1022 617 quam
1076 536 1274 618 specie
1324 534 1619 604 validior:
1672 537 1889 616 quippe
1944 537 2208 617 corporis
2264 519 2393 616 ejus
2440 536 2682 598 habitus

474 637 630 694 intra
655 635 1066 713 proceritatem
1094 632 1312 694 stetit.⁸
1399 635 1494 693 1·0.
1538 633 1751 693 Cutem
1774 626 1980 694 habuit
2003 631 2345 704 candidam,
2374 633 2491 693 nisi
2516 633 2683 713 quod

475 732 537 790 in
565 731 759 802 malis,
786 731 1044 808 itemque
1078 737 1342 807 pectore,
1391 737 1565 807 grato
1606 729 1816 789 rubore
1860 727 2355 788 suffundebatur·
2398 726 2683 808 capillum

476 827 716 898 flavum,
744 825 956 886 leniter
995 825 1314 883 intortum.
1357 841 1575 882 nasum
1619 824 1983 903 aquilinum:
2026 823 2235 884 oculos
2286 823 2501 896 varios,
2542 841 2685 884 nam

475 921 663 981 loevus
704 923 955 1001 glaucus
1000 919 1188 980 fuisse
1235 919 1509 991 traditur,
1564 918 1752 980 altero
1788 919 2127 1000 nigerrime.
2132 915 2159 950 ¹¹
2238 921 2439 980 Inerat
2484 928 2687 979 autem

475 1017 622 1097 ipsis
664 1016 904 1077 occulta
957 1013 1234 1096 quaedam
1289 1015 1402 1087 vis,
1462 1025 1531 1074 ut
1584 1016 1711 1077 sine
1768 1017 2147 1077 veneratione
2204 1026 2385 1095 atque
2438 1015 2685 1076 horrore

474 1111 734 1191 quodam
793 1111 1148 1172 intuentium
1204 1129 1324 1171 non
1379 1111 1763 1193 aspiceretur.
1878 1115 1972 1174 11.
2046 1111 2407 1173 pernicitate
2458 1111 2687 1191 pedum

476 1207 806 1269 admirabili
833 1206 980 1274 suits
1013 1225 1193 1285 quam
1221 1216 1288 1265 ut
1313 1225 1551 1285 magnae
1580 1208 1639 1266 in
1670 1207 2143 1288 expeditionibus
2171 1206 2685 1280 utilitatis‚‚etiam

475 1323 580 1362 rex
619 1322 737 1363 non
780 1300 980 1361 omisit
1005 1319 1300 1372 exercere,
1330 1321 1611 1382 saepeque
1638 1323 1773 1362 cum
1802 1303 2196 1364 velocissimis
2225 1319 2465 1362 suorum
2502 1319 2687 1362 cursu

476 1409 705 1460 certare
732 1397 894 1457 visus
921 1406 1056 1458 est:
1095 1397 1384 1477 patientia
1408 1397 1629 1458 laboris
1660 1417 1840 1478 supra
1870 1397 2045 1459 fidem
2074 1397 2325 1466 eximia:
2370 1417 2493 1477 qna
2520 1417 2689 1477 soepe

477 1513 618 1567 una,
673 1493 1033 1554 difficillimis
1085 1493 1468 1574 temporibus.
1528 1493 1638 1554 sibi
1694 1495 2167 1574 exercitibusque
2234 1494 2357 1554 suis
2428 1493 2691 1554 salutem

475 1591 736 1673 peperit.¹
841 1592 937 1650 12.
1001 1589 1535 1650 Exercitationibus
1592 1590 1833 1662 crebris,
1884 1600 1947 1650 et
1994 1587 2359 1650 calidissima
2421 1589 2691 1669 corporis

475 1686 780 1765 temperie,
807 1683 962 1745 adeo
988 1684 1274 1765 quicquid
1301 1684 1497 1744 vitiosi
1526 1684 1791 1746 humoris
1822 1687 1933 1745 sub
1960 1695 2097 1745 cute
2124 1684 2327 1764 colligi
2356 1684 2535 1757 solet,
2576 1703 2689 1744 ex-

476 1782 806 1866 pugnavit3
847 1792 915 1841 ut
941 1800 1184 1841 suavem
1212 1798 1287 1841 ex
1315 1800 1416 1841 ore
1448 1781 1843 1860 membrisque
1870 1781 2178 1841 exhalaret
2204 1779 2466 1853 odorem,
2490 1799 2691 1860 eoque

479 1877 656 1936 etiam
687 1877 944 1950 tunicas,
983 1877 1200 1956 quibus
1229 1884 1514 1948 uteretur,
1567 1875 1872 1956 impleretz
1915 1877 1993 1935 ob
2040 1875 2281 1935 easdem
2330 1893 2570 1949 causas,
2618 1887 2691 1936 nt

479 1971 718 2049 quidam
763 1981 1002 2051 putant,
1043 1971 1120 2032 ad
1149 1973 1344 2031 vinum
1375 1973 1638 2051 iramque
1666 1967 2032 2051 proclivior.k
2118 1973 2214 2032 13.
2264 1969 2549 2048 visuntur
2574 1973 2693 2034 ad-

477 2066 606 2126 hue
624 2068 912 2148 imagines
941 2069 1069 2148 ejus
1100 2079 1455 2150 statuaeque,
1483 2087 1845 2128 summorum
1874 2067 2162 2129 artificum
2184 2085 2399 2147 opera:
2432 2085 2509 2127 ne
2524 2069 2691 2134 araim

475 2163 808 2242 vulgarium
838 2164 1202 2244 sculptorum
1231 2165 1599 2244 pictorumve
1629 2165 1958 2225 temeritate
1984 2164 2103 2224 oris
2134 2165 2226 2224 sui
2268 2163 2459 2224 honor
2504 2167 2693 2226 obso-

477 2261 748 2331 lesceret,
778 2259 1047 2321 studiose
1085 2261 1279 2328 cavit:
1324 2270 1340 2296 ⁸
1363 2259 1633 2342 poenam'
1672 2261 2092 2333 comminatus,
2134 2267 2155 2295 ⁸
2178 2260 2227 2320 si
2269 2259 2406 2339 quis
2452 2260 2695 2340 injussu

478 2374 589 2417 suo
616 2356 968 2418 conaretur.’
1048 2357 1208 2437 Ergo
1253 2355 1599 2417 abundante
1645 2365 1772 2417 tum
1818 2357 2107 2418 artificum
2152 2357 2343 2437 copia,
2386 2356 2691 2421 volentem

477 2469 636 2513 uuus
665 2454 904 2532 Apelles
933 2454 1142 2541 pinxit,
1189 2453 1443 2533 sculpsit
1480 2454 1853 2536 Pyrgoteles,
1895 2453 2190 2535 Lysippus
2238 2463 2301 2513 et
2336 2452 2691 2533 Polycletus

479 2568 598 2609 oere
627 2548 958 2610 duxerunt.¹
1046 2554 1142 2611 14.
1185 2556 1202 2585 ‘
1227 2550 1573 2612 Citatiorem
1603 2570 1875 2631 gressum
1905 2550 2186 2611 Leonidae
2223 2550 2431 2611 vitium
2458 2552 2693 2624 fuisse,'

477 2645 708 2711 ferunt:
773 2652 884 2706 ‘ex
937 2646 1125 2726 ipsius
1180 2630 1615 2707 consuetudine
1671 2646 1732 2706 id
1786 2646 2039 2709 haesisse
2092 2644 2467 2707 Alexandro:
2520 2648 2699 2727 quod·

477 2752 708 2820 postea,
735 2760 872 2801 cum
900 2742 1071 2803 enixe
1095 2743 1296 2815 vellet,
1337 2744 1633 2823 corrigere
1674 2764 1796 2803 non
1823 2744 2121 2824 potuerit?
2204 2742 2501 2822 Equidem
2534 2742 2693 2805 edu-

481 2838 702 2901 cationi
730 2838 1042 2917 plurimum
1064 2840 1240 2900 tribui
1269 2838 1489 2927 debere
1520 2858 1639 2899 non
1682 2840 1914 2900 infiteor
1940 2859 1957 2908 ;
2000 2849 2261 2900 ceterum
2296 2837 2413 2898 hoc
2440 2837 2695 2916 quidem

479 2945 709 2994 naturoe
759 2935 956 3015 potius
1001 2935 1425 3010 adolescentis,
1455 2956 1633 3016 quam
1664 2934 2036 2997 assuetudini
2058 2935 2318 3015 deputo:
2361 2934 2581 2993 etenim
2624 2936 2693 2996 in

477 3029 714 3091 homine
765 3030 1155 3091 velocissimae
1205 3033 1445 3104 mentis,
1494 3052 1807 3094 necessum
1852 3040 2002 3104 erat,
2052 3040 2123 3091 ut
2170 3030 2441 3091 ardorem
2484 3030 2695 3105 animi,

477 3123 741 3201 corporis
769 3124 946 3183 etiam
983 3134 1182 3186 motus
1224 3136 1593 3205 sequeretur.
1684 3130 1778 3188 15.
1821 3126 2015 3195 Quem
2064 3125 2219 3188 adeo
2264 3138 2385 3186 non
2436 3126 2497 3185 in
2538 3127 2695 3189 vitio

474 3234 726 3299 posuere
757 3238 1134 3282 successores
1161 3221 1372 3303 ipsius,
1399 3232 1469 3283 ut
1495 3222 1671 3284 etiam
1701 3222 1972 3283 studiose
2012 3224 2467 3289 aemularentur-3
2510 3222 2695 3287 simul

477 3311 848 3393 depressiore
873 3316 936 3376 in
959 3316 1180 3378 laevum
1208 3319 1428 3392 collo,'¹⁸
1454 3312 1727 3393 obtutum
1756 3320 1885 3402 ejus
1915 3319 2268 3389 vibrantem,
2294 3328 2357 3378 et
2382 3318 2695 3381 elatiorem

477 3426 682 3471 vocem
711 3410 962 3481 imitatis
991 3433 1127 3474 cum
1155 3416 1416 3475 animum
1444 3436 1565 3477 non
1593 3418 1983 3497 exprimerent
2010 3434 2028 3476 t
2058 3414 2277 3495 quippe
2299 3412 2691 3494 plurimorum

477 3524 552 3566 ex
577 3503 693 3567 illis
719 3504 900 3588 longa
927 3508 1050 3570 vita
1077 3509 1180 3571 vix
1209 3511 1525 3592 quicquam
1552 3512 1765 3574 babuit
1793 3512 2063 3593 dignum,
2105 3508 2269 3590 quod
2312 3529 2449 3570 cum
2504 3510 2691 3591 hujus

475 3602 728 3682 pueritia
749 3614 1204 3684 compararetur.
1295 3610 1390 3669 16.
1434 3608 1645 3688 Neque
1672 3607 2169 3689 enim'quicquam
2188 3615 2292 3666 aut
2308 3605 2691 3685 loquebatur,

476 3707 584 3759 aut
607 3698 826 3780 agebat
850 3700 1114 3771 humile:
1143 3700 1252 3764 sed
1274 3700 1450 3766 dictis
1480 3704 1775 3785 factisque
1794 3722 1905 3785 pur
1930 3704 2186 3763 fortunae
2218 3718 2367 3775 sum,
2394 3701 2490 3763 vel
2507 3702 2691 3763 etiam

543 3875 570 3911 ⁸
599 3868 747 3922 Cart.
771 3885 857 3923 ιιι.
877 3878 956 3925 12.
981 3876 1063 3926 16.
1097 3888 1150 3925 v.
1183 3880 1234 3926 2.
1260 3881 1340 3927 18.
1377 3890 1457 3927 vx.
1491 3880 1539 3929 6.
1684 3873 1708 3908 ¹¹
1734 3876 1877 3926 Plut.·
1900 3876 1933 3927 l.
1954 3876 1989 3927 Ι.

477 3946 561 3993 2⁹·
1690 3950 1704 3985 ¹
1746 3951 1859 4002 Cic.
1903 3952 2005 4015 Ep.
2049 3949 2114 4000 sd
2149 3950 2291 3999 Fam.
2318 3961 2372 3999 v,
2418 3951 2499 3997 12.
2545 3948 2691 3999 Plin.

541 4017 568 4051 Ι·
591 4018 1764 4080 Plut-1.1.Hist.
1782 4028 2025 4080 Naeva.
2050 4034 2130 4079 ⁸⁷.
2156 4018 2336 4078 xxiv,
2360 4030 2439 4076 1⁰.
2465 4038 2691 4077 xxxvii.

467 4146 472 4153 ,
541 4092 990 4153 ’θυῖε-,ιαμ
1024 4106 1279 4151 vno-L?
1311 4102 1453 4153 Plut.
1474 4106 1540 4157 de
1623 4108 1671 4153 1.
1887 4111 1899 4127 ·

477 4168 636 4296 Ἀῶ.
659 4170 906 4298 &Anio
943 4176 1120 4228 Discr.
1139 4181 1219 4227 29.
1252 4178 1321 4228 de
1343 4179 1537 4247 Tran.
1683 4187 1720 4213 ¹¹
1744 4178 1885 4232 Plut.
1914 4179 1951 4229 l.
1974 4178 2008 4227 Ι.
2039 4175 2123 4227 Id.
2144 4174 2212 4226 de
2228 4176 2371 4227 Fert.
2396 4174 2480 4225 Al·
2495 4188 2561 4227 ιι.
2582 4180 2633 4227 5.

581 4260 648 4298 ιιι.
