2858 4782
712 341 974 390 surpr..
1017 338 1097 387 nr
1147 339 1218 399 Q.
1263 337 1614 388 cunnum
1666 339 1813 388 mn.
1860 341 1941 388 11.
2283 327 2413 392 139

202 484 372 562 ipsos
397 479 602 544 odium
629 479 916 543 adversus
943 477 1337 550 Macedonas,
1375 495 1557 556 quem
1583 479 1971 540 humanitatis
1998 479 2147 544 ratio
2172 479 2416 554 valeret,

206 579 518 656 negabant
541 583 562 611 ‘
578 575 1010 655 indulgendum
1037 575 1152 635 hoc
1179 592 1314 635 esse
1343 574 1741 634 infestissimis
1764 574 2075 636 hostibus:
2142 577 2245 636 22.
2274 575 2413 640 Non

205 683 410 732 tamen
437 683 856 752 permoverunt
897 673 1299 743 Memnonem,
1327 670 1474 749 quin
1504 676 1521 704 ⁶
1546 668 1893 732 Groecorum
1938 671 2199 733 moribus
2222 672 2420 753 indig-

205 786 352 828 num
385 785 522 826 esse
545 766 561 791 ’
589 767 836 837 diceret,
875 775 892 800 ‘
921 766 1283 844 sepulturam
1317 765 1583 830 invidere
1622 766 1799 826 coesis
1844 766 2137 830 hostibus.
2216 769 2415 830 Armis

205 873 272 922 et
300 861 520 922 viribus
549 863 606 920 in
639 862 924 922 adversos
949 873 1016 922 et
1047 862 1408 922 obsistentes
1432 862 1759 922 utendum:
1803 883 1999 943 neque
2040 863 2413 924 contumeliis

207 957 600 1038 pugnandum
629 957 692 1017 in
720 975 848 1028 eos,
893 976 1044 1034 quos
1089 957 1260 1017 bonis
1288 956 1580 1036 malisque
1622 959 1843 1020 nostris
1870 977 1983 1018 sua
2010 957 2137 1019 dies
2165 959 2416 1020 exemis-

203 1052 345 1114 set!
425 1055 528 1112 23.
571 1054 753 1124 Sane,
780 1063 996 1132 praeter
1033 1051 1182 1112 alias
1224 1053 1563 1112 Memnonis
1592 1054 1866 1128 virtutes,
1890 1055 2067 1115 etiam
2086 1055 2415 1116 moderatio

203 1148 338 1226 ejus
375 1148 634 1227 insignis
673 1149 822 1210 suit:
867 1167 1060 1226 neque
1109 1148 1264 1208 enim
1305 1168 1410 1228 per
1434 1149 1769 1210 vecordiam
1811 1150 2093 1211 conviciis
2140 1150 2417 1210 insectari

205 1243 442 1304 hostem
491 1243 800 1324 pulchrum
839 1244 1142 1312 ducebntg
1187 1243 1296 1306 sed
1351 1244 1569 1306 virtute
1620 1256 1683 1306 et
1734 1245 1995 1306 consiliis
2044 1246 2201 1305 vires
2254 1245 2414 1306 illius

209 1341 562 1418 animosque
615 1339 1002 1400 contundere.
1111 1344 1212 1402 24.
1257 1341 1447 1421 Igitur
1496 1361 1637 1402 cum
1688 1342 2011 1420 aliqnando
2068 1341 2129 1400 in
2182 1341 2414 1420 agmine

203 1433 508 1514 quendam
536 1455 611 1494 ex
655 1437 1032 1496 mercenariis
1079 1435 1372 1496 nonnulla
1411 1437 1842 1498 contumeliose
1889 1447 1950 1495 et
1989 1435 2329 1514 petulanter
2354 1435 2413 1495 in

202 1529 614 1590 Alexandrum
625 1530 948 1608 jacientem
969 1530 1284 1602 audisset?
1309 1547 1603 1590 conversa
1627 1529 1803 1590 hasta
1828 1530 2125 1590 hominem
2146 1529 2415 1606 pulsans,

201 1633 375 1684 ‘non
429 1635 496 1686 te
553 1625 852 1696 conduxi?
898 1625 1174 1704 inquit‚‘
1203 1635 1274 1685 ut
1328 1624 1714 1686 malediceres
1776 1623 2146 1696 Alexandro,
2192 1623 2303 1684 sed
2348 1643 2417 1684 ut

205 1719 496 1782 adversus
515 1721 684 1782 illum
711 1721 1068 1782 dimicares!

289 1815 369 1876 X.
419 1819 476 1874 l.
520 1814 754 1876 Interea
777 1817 1030 1886 obsessi,
1059 1834 1294 1876 summo
1313 1815 1515 1877 studio
1542 1815 1843 1878 securitati
1863 1835 1989 1878 suoe
2014 1813 2415 1894 providentes,

201 1929 310 1989 pro
339 1909 541 1971 diruto
569 1929 734 1972 muro
763 1912 944 1972 alium
969 1912 1302 1972 interiorem
1333 1931 1408 1972 ex
1434 1923 1609 1972 cocto
1652 1912 1837 1972 latere
1878 1910 2269 1979 eduen-unte
2290 1928 2412 1970 non

207 2019 370 2066 recta
399 2007 662 2086 regione,
684 2007 876 2068 sedin
899 2007 1206 2068 nascentis
1230 2005 1390 2067 lunoe
1415 2008 1666 2086 figuram
1696 2009 2034 2068 sinuatum·
2018 2049 2033 2065 .
2080 2023 2271 2084 eaque
2296 2023 2413 2076 res,

205 2119 341 2160 cum
375 2103 528 2162 inter
555 2102 774 2162 multos
801 2101 1182 2162 distributum
1207 2119 1424 2162 munus
1458 2113 1640 2173 esset,
1672 2101 1974 2163 celerrime
2001 2098 2275 2160 confecto.
2300 2112 2412 2160 est.

206 2199 268 2256 2.
311 2197 492 2258 Hunc
519 2217 751 2258 murum
775 2198 1118 2260 Alexander
1153 2207 1394 2276 postero
1421 2199 1625 2258 statim
1670 2197 1769 2258 die
1806 2195 2095 2256 machinis
2130 2213 2414 2273 quassare

203 2293 404 2373 coepit,
431 2312 553 2373 quo
583 2294 808 2354 minore
833 2294 1075 2373 negotio
1117 2311 1329 2352 recens
1353 2293 1553 2352 adhuc
1598 2311 1749 2371 opus
1780 2290 2167 2352 labefactaret
2186 2309 2205 2348 ε
2248 2288 2319 2346 in*
2338 2308 2412 2349 eo

203 2388 404 2449 labore
427 2389 736 2468 occupatis
762 2387 1216 2461 Macedonibus,
1255 2387 1467 2448 iterum
1494 2408 1571 2449 ex
1596 2388 1741 2448 urbe
1761 2385 1963 2447 valida
1989 2383 2221 2464 eruptio
2249 2383 2413 2445 facta

205 2493 300 2543 est
321 2504 338 2542 ι
358 2479 382 2513 ¹·
422 2486 790 2563 cratiumque
815 2486 1034 2563 quibus
1059 2502 1241 2565 opern
1265 2486 1631 2563 tegebantur·
1672 2481 1967 2552 nonnihil,
1992 2491 2057 2542 et
2084 2480 2262 2541 unius
2290 2488 2415 2541 tur-

205 2582 284 2639 ris
327 2579 548 2659 ligneus
575 2592 804 2659 partem
845 2582 1088 2641 flamma
1127 2579 1615 2659 comprehenditz
1658 2582 1717 2641 3.
1759 2599 1837 2639 ne
1874 2578 1955 2637 ad
1996 2586 2195 2637 cetera
2236 2594 2416 2656 opera

207 2676 488 2736 transiret
525 2676 888 2747 incendium,
915 2676 1184 2736 Philotas
1211 2687 1276 2735 et
1322 2676 1677 2735 Hellanicus
1705 2674 2083 2744 obstiterunt,
2108 2672 2327 2750 quibus
2354 2672 2415 2730 in

206 2788 336 2829 enm
365 2770 530 2829 diem
581 2771 986 2831 machinarum
1025 2769 1306 2829 custodia.
1344 2783 1611 2831 cesserat
1638 2789 1659 2828 z
1696 2780 1761 2829 et
1800 2767 2145 2827 Alexander
2184 2776 2413 2827 mature

209 2878 570 2944 conspectus
597 2875 827 2925 tantum
855 2865 1266 2944 trepidationis
1289 2864 1495 2943 injecit
1516 2864 1779 2923 hostium
1806 2860 2045 2930 animis,
2068 2869 2137 2919 ut
2176 2858 2414 2919 omissis

209 2960 462 3029 facibus,
484 2960 700 3038 quibus
729 2961 942 3019 amati
963 2970 1395 3038 procurrerant,
1425 2958 1671 3037 quidam
1696 2958 1873 3017 etiam
1901 2973 2071 3015 arma
2098 2953 2415 3032 jacientes,

207 3058 398 3118 effusa
425 3057 570 3134 fuga
597 3055 882 3135 oppidum
907 3064 1261 3133 repeterent.
1341 3057 1405 3113 4.
1448 3052 1599 3113 Inde
1622 3052 1743 3111 vim
1782 3050 1958 3110 facile
1984 3050 2417 3129 propellebant,

209 3152 394 3231 adjuti
441 3150 862 3209 commoditate
907 3148 1046 3220 loci,
1093 3167 1271 3227 quem
1317 3147 1505 3209 multo
1550 3147 1869 3225 oequiorem
1918 3146 2313 3212 obtinebant;
2354 3156 2417 3205 et

207 3248 347 3328 quia
383 3266 612 3319 murus,
642 3247 799 3305 sicut
844 3228 1121 3316 diximus,
1149 3246 1234 3303 itn
1275 3254 1653 3304 constructus
1688 3254 1836 3315 erat,
1864 3252 1935 3302 ut
1982 3260 2415 3335 quamcumque

207 3354 432 3421 partem
482 3340 803 3401 invasisset
841 3340 1053 3410 hostis,
1097 3358 1218 3400 non
1265 3358 1304 3402 a
1345 3338 1541 3399 fronte
1588 3349 1843 3408 tantum,
1890 3336 1999 3397 sed
2048 3354 2125 3395 ex
2164 3346 2415 3412 utroque

206 3440 456 3498 laterum
501 3436 824 3497 missilibus
867 3436 1064 3515 appeti
1101 3444 1332 3515 posset.
1409 3438 1469 3493 5.
1514 3433 1797 3493 Postboec
1842 3432 2157 3491 Persarum
2206 3428 2414 3502 duces,

209 3550 342 3591 cum
385 3532 588 3593 omnia
613 3532 726 3591 sibi
773 3532 834 3589 in
877 3530 1010 3591 dies
1037 3532 1293 3591 arctiora
1339 3550 1476 3591 esse
1504 3529 1795 3597 viderent,
1822 3536 2243 3605 constaretque
2292 3544 2414 3585 non

207 3629 624 3687 abscessurum
663 3626 1064 3687 Macedonem
1086 3626 1284 3686 donec
1321 3626 1485 3685 urbis
1511 3624 1818 3704 potiretur,
1860 3621 1938 3680 de
1964 3636 2197 3679 summa
2221 3637 2414 3679 rerum

211 3723 523 3781 consilium
551 3720 890 3781 habebant:
913 3730 938 3757 ⁰
973 3722 1056 3781 ibi
1085 3722 1410 3801 Ephialtes,
1446 3722 1535 3780 vir
1562 3718 1741 3801 animi
1780 3717 2161 3795 corporisque
2207 3717 2415 3775 robore

211 3818 268 3875 in
317 3818 528 3897 paucis
585 3819 966 3895 conspicuus,
1017 3816 1397 3877 incommoda
1461 3816 1645 3894 longa
1710 3811 2039 3871 obsidionis
2098 3806 2412 3869 disseruit:

215 3914 275 3972 6.
337 3914 710 3991 negabantque
763 3921 784 3946 ‘
825 3914 1281 3992 expectandum,
1339 3912 1531 3971 donec
1590 3908 1877 3988 paulatim
1928 3904 2143 3966 accisis
2196 3904 2415 3965 viribus

273 4064 298 4097 ¹·
330 4067 475 4116 Plut.
501 4066 770 4131 Apophth.
791 4082 838 4118 c.
862 4074 944 4119 12.
1415 4067 1441 4101 b
1478 4064 1561 4113 ld.
1584 4065 1621 4113 1.
1644 4062 1679 4112 1.

278 4151 302 4176 ²
335 4144 540 4194 Arrian.
563 4145 598 4194 Ι.
622 4146 657 4194 Ι.
1419 4150 1443 4174 ⁶
1473 4138 1633 4191 Diod.
1658 4138 1692 4187 i.
1716 4137 1749 4185 1.

2536 4678 2791 4703 *—
