2858 4782
635 359 902 411 surm..
948 360 1030 450 Ψ
1078 363 1150 422 Q.
1197 361 1549 414 eun-rum
1596 363 1741 415 mn.
1786 367 1867 415 u.
2224 353 2355 422 147

151 523 288 588 pere
331 513 715 585 cogerentur,
741 503 1194 585 ,quinquaginta
1238 504 1467 566 talenta
1500 507 1565 566 in
1614 508 1975 588 stipendium
2001 510 2275 586 militum,
2294 521 2359 571 et

153 611 440 679 quantum
465 618 762 679 equorum
785 599 992 664 tributi
1032 600 1274 666 nomine
1323 602 1450 682 regi
1498 603 1811 666 Persarum
1842 604 1997 668 alere
2026 626 2355 670 consueve-

153 700 321 769 rant:
347 696 776 776 promiserunt.
857 698 918 756 2.
961 696 1110 756 Inde
1137 715 1240 758 rex
1267 698 1348 758 ad
1377 699 1643 776 Sidetas,
1667 701 1769 780 qui
1796 701 2098 763 Melenem
2120 721 2357 763 emnem

26 865 28 872 Ι
155 793 456 864 accolunt,
485 811 850 872 progressus
895 802 1030 860 θοις
1073 792 1453 856 Cumaeorum
1482 815 1557 856 ex
1583 797 1815 858 AEolide
1862 817 2075 878 genus,
2102 799 2210 860 sed
2237 819 2365 860 ser-

26 889 28 950 !
155 907 328 948 mone
353 889 652 950 barbaro:
695 906 834 948 nam
873 887 1126 952 Gmcus
1167 891 1675 978 exoleveruunon
1720 893 2108 989 diuturnitate
2134 907 2364 978 tempo-

157 987 252 1056 ris,
279 995 356 1045 ut
383 985 644 1058 acciditz
687 1004 888 1046 verum
913 985 1215 1066 ‘lmajores
1242 1007 1406 1063 suos,
1434 1000 1503 1051 ut
1528 991 1589 1050 in
1618 1009 1723 1050 eas
1752 991 2025 1071 regiones
2054 1005 2364 1070 venerunt,

157 1091 404 1161 repente
431 1080 654 1146 oblitos
671 1081 880 1161 patriae
909 1080 1152 1160 lingum,
1173 1102 1390 1144 novam
1417 1095 1484 1147 et
1507 1097 1683 1147 antea
1701 1086 2027 1148 inauditam
2056 1092 2331 1152 sonuisse
2348 1092 2367 1118 ’

159 1179 622 1240 memorabant?
699 1179 761 1238 3.
801 1177 948 1238 Side
982 1191 1244 1259 recepta,
1268 1201 1406 1261 quoe
1448 1181 1815 1264 Pamphylia
1844 1183 2194 1264 Metropolis
2222 1197 2367 1261 eret,

163 1275 422 1356 Syllium
464 1275 711 1349 ibatur:²
735 1284 926 1338 tutum
971 1286 1186 1338 natura
1225 1278 1377 1339 situs
1425 1278 1732 1360 oppidum,
1782 1291 1841 1341 et
1886 1290 2007 1342 tarn
2056 1282 2369 1362 peregrino

161 1373 372 1446 milite,
403 1389 586 1451 quam
625 1373 1009 1434 barbarorum
1057 1373 1449 1434 accolentium
1494 1377 1663 1436 firma
1702 1390 1879 1435 manu
1908 1377 2147 1456 egregie
2174 1377 2369 1438 muni·

161 1481 310 1529 tum.
403 1468 498 1528 Ee
536 1487 656 1540 res,
681 1477 744 1528 et
790 1469 934 1548 quia
958 1474 978 1503 ‘
1001 1469 1338 1547 Aspendios
1385 1469 1704 1531 rebellare'
1732 1471 2136 1545 nuntiabatur,
2162 1473 2374 1534 evertit

163 1568 307 1626 iter:
354 1564 834 1644 Aspendumque
873 1563 1094 1627 ductus
1122 1576 1218 1626 est
1263 1565 1608 1628 exercitus!
1682 1571 1745 1638 4.
1788 1564 1883 1625 Illi
1928 1566 2125 1628 subita
2168 1567 2376 1628 Mace-

165 1663 398 1726 donum
421 1660 752 1740 irruptione
795 1662 1002 1734 territi,-
1029 1662 1278 1724 desertis
1306 1683 1445 1742 quae
1486 1663 1549 1723 in
1574 1662 1759 1744 plano
1799 1674 1971 1724 erant
1997 1662 2287 1734 aedificiis,
2312 1663 2375 1723 in

165 1777 366 1820 areem
399 1774 778 1818 concessere.
859 1756 1222 1831 Alexander,
1252 1776 1443 1819 vacua
1468 1759 1615 1820 urbe
1656 1758 1905 1838 potitus,
1932 1758 2043 1819 sub
2070 1760 2207 1840 ipsa
2242 1777 2377 1821 arce

167 1867 374 1914 mua
397 1851 774 1921 communit3
815 1863 880 1914 et
903 1873 1040 1914 cum
1084 1855 1471 1934 peritissimos
1518 1855 1872 1916 architectos
1899 1855 2163 1930 haberet,
2190 1871 2378 1936 eppa-

167 1961 302 2010 ratu
359 1948 832 2028 oppugnationis
865 1950 1156 2013 ,obsessos
1203 1949 1282 2010 ad
1327 1969 1541 2029 pacem
1595 1951 1887 2030 prioribus
1941 1951 2380 2013 conditionibus

168 2043 562 2125 repetendam
612 2043 918 2124 compulit.
999 2050 1062 2107 6.
1102 2047 1267 2109 Nihil
1321 2047 1400 2108 ad
1448 2046 1675 2127 majora
1726 2048 2061 2128 properanti
2118 2047 2381 2129 optatius

171 2142 450 2206 accidere
475 2141 808 2222 ,pomisne
834 2161 1014 2221 quam
1042 2141 1158 2203 loci
1183 2143 1344 2204 haud
1392 2144 1814 2205 contemnendi
1845 2144 2029 2223 longa
2072 2143 2383 2204 obsidione
2488 2133 2505 2145 ’

173 2259 292 2300 non
319 2237 731 2305 detinereturz
773 2257 850 2298 ne
889 2247 1088 2298 tumen
1131 2239 1420 2319 impunita
1464 2239 1833 2301 defectorum
1872 2238 2175 2300 temeritas
2200 2248 2381 2311 esset,

176 2344 194 2372 ‘
219 2335 569 2416 potissimos
591 2333 814 2395 civium
838 2334 1080 2395 obsides
1111 2335 1286 2408 tradi,
1316 2335 1704 2416 pecuniaeque
1745 2335 2049 2415 imperatae
2076 2353 2187 2396 nec
2216 2353 2387 2397 exso·

175 2434 322 2495 lutoe
379 2448 676 2491 summam
719 2429 1014 2511 duplicari
1033 2430 1050 2457 ’
1097 2433 1420 2514 pracepit:
1466 2431 1761 2512 adjectum
1811 2440 1925 2502 est,
1966 2438 1984 2467 ‘
2006 2440 2077 2491 ut
2109 2440 2389 2509 setrapoe,

177 2548 356 2607 quem
371 2525 719 2589 Alexander
747 2526 1134 2606 praefeeisset,
1151 2527 1481 2600 obedirent,
1502 2546 1701 2589 annua
1717 2525 2149 2588 Macedonibus
2170 2522 2391 2585 tributa

177 2623 506 2696 solverent,
529 2632 597 2683 et
619 2622 696 2683 de
723 2621 912 2702 egro,’
937 2622 1098 2684 unde
1127 2624 1353 2685 vicinos
1382 2625 1440 2684 vi
1466 2624 1713 2703 ejecisse
1742 2625 2163 2703 arguebantur,
2191 2627 2210 2656 ‘
2225 2621 2391 2701 judi-

181 2721 274 2781 cio
299 2717 778 2781 contenderent?
794 2724 820 2751 ⁸
897 2719 960 2780 6.
1001 2718 1112 2778 His
1139 2720 1224 2778 ita
1253 2719 1440 2799 gestis
1468 2736 1774 2779 remensus
1803 2718 1934 2798 iter,
1953 2717 2117 2797 quod
2144 2716 2223 2776 ad
2255 2716 2397 2775 Per·

183 2814 468 2894 genium
508 2812 794 2893 oppidum
835 2813 1082 2887 ferebat,
1107 2811 1251 2875 inde
1297 2814 1557 2895 perrexit
1600 2814 1661 2871 in
1708 2812 2045 2891 Phrygium.
2129 2810 2251 2871 Sed
2290 2830 2395 2891 per

177 2913 304 2983 ista
325 2910 471 2971 loca
486 2908 728 2969 ducenti
747 2910 1106 2989 superanda
1123 2920 1296 2971 erant
1315 2908 1635 2988 angustioe,
1654 2924 1807 2986 quas
1825 2907 2001 2985 juxta
2017 2905 2395 2977 Telmissum,

185 3006 398 3070 urbem
425 3002 788 3078 Pisidarum,
816 3003 938 3065 duo
963 3016 1198 3065 montes
1235 3022 1313 3063 ex
1339 3002 1595 3063 adverso
1619 3010 2040 3062 concurrentes
2064 3000 2361 3067 efficiunt:
2380 3013 2403 3047 f

187 3102 274 3163 itu
299 3099 533 3161 strictis
560 3099 856 3172 faucibus,
883 3111 951 3159 ut
993 3109 1296 3180 portarum
1344 3096 1793 3158 similitudinem
1836 3096 2135 3157 referant:
2174 3114 2399 3175 easque

189 3196 430 3259 barbari
457 3204 688 3255 armatu
709 3212 890 3255 manu
915 3194 1214 3272 utrimque
1240 3192 1606 3254 insederant.
1692 3194 1755 3251 7.
1796 3189 2137 3253 Alexander
2162 3192 2225 3250 in
2252 3190 2399 3272 ,ipso

194 3292 362 3355 aditu
409 3301 614 3352 castre
656 3290 798 3370 poni
837 3290 1030 3370 jubet,
1059 3300 1246 3363 retus,
1275 3289 1440 3369 quod
1484 3288 1704 3361 evenit,
1731 3288 2159 3349 Telmisseuses
2187 3288 2399 3347 castris

193 3388 412 3459 locutis
441 3384 768 3465 periculum
795 3384 1014 3447 differri
1052 3384 1364 3447 credentes
1405 3403 1528 3445 non
1564 3383 1671 3445 diu
1696 3383 1967 3444 haesuros
1992 3384 2053 3443 in
2088 3382 2403 3462 angustiis,

203 3482 310 3545 sed
337 3479 584 3541 modico
608 3480 670 3538 in
709 3478 828 3539 illis
861 3479 1076 3540 ,relicto
1116 3479 1398 3560 praesidio
1440 3490 1669 3541 ceteros
1717 3480 1779 3540 in
1818 3480 2025 3538 urbem
2066 3496 2403 3537 recessuros

204 3598 358 3640 esse.
445 3579 508 3637 8.
553 3574 740 3655 Igitur
765 3575 1082 3636 musione
1101 3574 1264 3636 haud
1292 3577 1554 3656 segniter
1582 3595 1749 3649 usus,
1766 3574 2038 3656 protinus
2066 3572 2403 3652 sagittarios

207 3688 268 3736 et
287 3672 648 3744 funditores,
675 3670 957 3751 quodque
983 3691 1061 3732 ex
1087 3672 1254 3752 gravi
1279 3684 1579 3733 armatura
1613 3674 1868 3732 maxime
1894 3666 2233 3749 expeditum
2258 3676 2407 3739 eret,

209 3769 477 3837 inducitz
511 3782 584 3833 ,et
635 3766 914 3847 presidio
967 3768 1350 3828 barbarorum
1397 3766 1731 3841 deturbato,
1776 3774 1915 3826 ante
1964 3764 2155 3843 ipsam
2203 3764 2407 3823 urbem

211 3878 410 3927 castre
433 3864 716 3927 collocat.
800 3864 860 3925 9.
901 3864 990 3925 Ibi
1018 3863 1250 3945 legatos
1273 3864 1649 3943 Selgensium
1674 3860 1889 3934 audit,¹
1916 3859 2019 3937 qui
2046 3860 2123 3921 ob
2144 3870 2409 3952 vetustas

275 4054 304 4088 ὗ
333 4054 420 4107 ῙεΙ.
443 4053 480 4107 l.
498 4056 536 4106 l.
1420 4061 1444 4087 θ
1475 4052 1560 4102 Id.
1582 4052 1619 4103 1.
1635 4052 1675 4102 l.

279 4138 304 4165 θ
335 4130 420 4181 Id.
441 4131 477 4181 1.
501 4132 537 4183 l.
1423 4128 1445 4161 ί
1468 4128 1551 4179 ld.
1576 4142 1617 4179 ι.
1638 4130 1722 4177 28.

282 4204 308 4240 ὓ
337 4205 420 4256 td.
440 4207 476 4257 l.
499 4209 536 4260 Ι.
1424 4214 1450 4249 t
1482 4203 1562 4255 Id.
1582 4218 1620 4254 ι.
1642 4206 1723 4255 29.
