2858 4782
609 349 690 400 m
740 349 1094 412 QmN'rUM
1143 347 1497 398 cultrum
1546 349 1837 398 numm.
2107 395 2119 416 ,
2224 332 2311 399 21

103 473 335 564 (Elaris
375 492 812 571 Rhetoribus,
845 489 1211 557 secundum
1257 509 1433 573 quos
1476 490 1833 555 Suetonius
1855 494 2087 573 'egerat
2114 489 2199 560 de
2226 491 2307 557 L.

103 597 411 664 caesetio
463 595 743 673 Pisone,
781 593 882 659 M.
917 593 1164 658 Porcio
1191 592 1509 668 Latrone,
1553 591 1647 671 Q.
1678 591 1911 656 Curtio
1944 591 2153 670 Rufo,
2181 595 2310 657 &c-

103 698 420 764 Eundem
449 697 642 761 illum
671 704 971 761 nostrum
1000 693 1312 759 Curtium
1339 693 1556 759 fuisse
1581 693 1854 758 minime
1890 693 2196 759 dubitant
2238 701 2312 758 et

103 819 258 866 cum
291 799 560 865 Rhetor-
585 797 704 863 ille
735 797 1045 882 proxime
1076 800 1238 878 post
1264 795 1416 859 illos
1447 795 1839 872 nominetur,
1867 795 1985 878 qui
2009 795 2140 859 sub
2164 793 2311 860 Au·-

103 907 312 984 gusto
337 900 725 977 floruerunt,
747 897 1026 964 Tiberio
1049 899 1276 962 statim
1297 895 1489 961 illum
1513 896 1882 979 assignant,
1912 894 2313 975 suffragante

105 1001 380 1084 quidem
406 1000 660 1067 Tacito
697 1003 742 1066 l.
771 1001 820 1065 l.
853 999 972 1066 sed
1003 999 1421 1066 vehementer
1445 997 1932 1080 refragantibus
1961 1009 2311 1078 argumen-

105 1103 194 1164 tis
217 1119 317 1166 ex
343 1102 506 1184 ipso
532 1099 770 1166 Gurtio
798 1099 1054 1184 petitis.
1128 1097 1311 1163 Nam
1342 1097 1659 1163 Tiberius
1685 1100 2005 1183 princeps
2034 1097 2147 1164 ille
2174 1115 2311 1162 non

101 1201 250 1278 fuit,
275 1201 400 1284 qui
435 1205 456 1234 ‘
479 1198 767 1264 domini'
814 1219 938 1264 seu
982 1203 1007 1234 ‘
1023 1200 1270 1283 capitis
1289 1197 1308 1225 ’
1349 1198 1619 1263 titulum
1654 1217 1859 1283 aequq
1874 1200 2181 1264 abnuens
2209 1205 2311 1264 at-

105 1321 236 1386 que
279 1301 662 1384 Augustus,
714 1301 1050 1366 Dominus
1069 1307 1100 1336 ¹¹
1159 1299 1537 1385 appellatus
1569 1319 1613 1364 a
1640 1300 1933 1384 quodam
1963 1300 2313 1364 denuntia-

103 1403 223 1479 vit,
255 1420 348 1465 ne
397 1419 471 1464 se
514 1399 810 1484 amplius
851 1399 1277 1467 contumeliae
1317 1419 1534 1465 causa
1578 1401 2001 1480 nominaret3
2046 1403 2186 1485 qui,
2232 1409 2313 1465 ut

105 1504 416 1586 speciem
460 1502 800 1586 quandam
841 1502 1172 1568 libertatis
1208 1502 1573 1575 induceret,
1602 1502 2015 1566 conservatis
2046 1503 2307 1566 senatui

105 1621 188 1667 ac
233 1604 839 1686 magistratibus-et
867 1603 1220 1686 majestate
1251 1603 1535 1687 pristina
1563 1609 1634 1666 et
1660 1607 2007 1686 potestate
2026 1607 2053 1638 ¹
2096 1603 2309 1667 etiam

105 1722 493 1785 praenomen
520 1703 953 1787 Imperatoris
981 1722 1478 1786 cognomenque
1507 1704 1720 1787 patris
1749 1703 1993 1786 patriae
2038 1721 2309 1768 recusa·

101 1809 224 1878 ret,
252 1821 338 1867 ac
363 1822 448 1867 ne
471 1802 763 1886 Augusti
780 1805 1048 1888 quidem
1065 1811 1358 1882 nomen?
1387 1823 1768 1888 quanquam
1790 1803 2308 1879 haereditarium,

101 1906 290 1983 ullis,
341 1905 476 1968 nisi
525 1905 614 1972 ad
659 1925 853 1990 reges
900 1925 983 1972 ac
1023 1906 1352 1990 dynastas
1381 1905 1741 1989 EpistoliS,
1774 1905 2058 1982 addidit,
2085 1919 2307 1988 neque

101 2007 232 2071 hoc
283 2005 423 2070 alia
467 2006 554 2070 de
601 2025 836 2086 causa,
889 2027 1087 2092 quam
1119 2006 1304 2091 quod
1335 2013 1693 2084 vereretur,
1720 2027 1802 2071 ne
1830 2026 2021 2085 mox,
2052 2005 2307 2089 majore

103 2107 464 2187 dedecore,
502 2109 719 2190 impar
767 2111 977 2173 tantis
1021 2107 1390 2172 honoribus
1442 2108 1893 2173 inveniretur.⁸
1980 2104 2160 2185 Quae
2188 2125 2307 2169 au-

103 2219 240 2272 tem
267 2227 416 2272 nox
443 2226 643 2292 paene
665 2228 978 2293 suprema
1005 2217 1081 2274 et
1106 2214 1249 2274 tum
1274 2217 1443 2287 erat,
1479 2227 1632 2274 curn
1660 2209 2111 2292 principatum
2138 2206 2305 2271 reci·

102 2315 290 2391 peret
315 2308 678 2375 Tiberius?
725 2329 897 2395 quas
940 2311 1131 2376 faces
1161 2309 1277 2374 ille
1307 2309 1625 2387 extinxit,
1657 2328 1831 2393 quos
1852 2308 2117 2391 gladios
2145 2324 2305 2372 con-

103 2411 292 2488 didit,
325 2412 446 2494 qui
485 2431 748 2478 summa
788 2412 986 2495 pacis
1033 2418 1242 2496 atque
1277 2410 1404 2475 otii
1436 2410 1918 2495 tranquillitate
1950 2409 2303 2495 imperium

101 2518 203 2577 est
230 2512 580 2595 adeptus?
623 2513 830 2597 idque
855 2530 987 2577 non
1015 2513 1083 2576 vi
1115 2512 1499 2595 quaesitum,
1533 2530 1668 2577 non
1713 2515 2139 2595 occupatum,
2181 2508 2303 2573 sed

105 2630 146 2677 a
178 2620 427 2679 senatu
476 2621 816 2698 precante,
852 2612 940 2676 ad
969 2630 1186 2694 genua
1215 2612 1747 2694 procumbente:
1786 2618 2155 2697 postquam
2180 2610 2304 2674 im-

101 2714 596 2798 pudentissimo
625 2714 832 2779 mimo
863 2714 978 2779 diu
1001 2714 1191 2779 illum
1219 2711 1684 2791 ludificasset?
1734 2713 1916 2778 ultro
1942 2712 2077 2796 ipsi
2107 2712 2303 2797 quasi

101 2816 512 2881 invitissimo
565 2816 888 2882 oblatum.
977 2811 1158 2892 Quae
1213 2815 1659 2879 membrorum
1716 2812 2108 2889 discordia‚.
2148 2830 2303 2876 cum

101 2916 456 2995 Consules,
483 2920 737 3000 patres,
787 2917 1050 3000 equites
1078 2916 1146 2980 in
1177 2915 1521 2980 servitium
1562 2922 1895 2993 ruentes?
1930 2932 2137 2976 unum
2182 2912 2305 2978 Ti-

103 3020 386 3095 berium,
411 3026 742 3083 maturum
769 3018 986 3095 annis,
1017 3020 1398 3100 spectatum
1436 3014 1619 3079 bello
1658 3020 1890 3080 natum
1937 3015 2303 3098 aptumque

101 3119 418 3185 unanimo
471 3136 804 3183 consensu
853 3118 1274 3183 declararent
1323 3116 1412 3182 ad
1448 3118 1713 3202 imperii
1758 3122 2013 3182 tantam
2056 3115 2305 3181 molem

103 3217 595 3296 sustinendam,
627 3224 700 3283 et
721 3226 970 3284 cuncta
1011 3216 1284 3301 regendi
1331 3236 1507 3283 onus
1548 3217 1963 3283 tolerandum
1982 3218 2014 3281 Ἰ
2104 3216 2303 3282 Sedi-

101 3324 344 3399 tiones,
377 3338 532 3404 quae
563 3321 814 3400 statim,
857 3337 1014 3385 cum
1039 3319 1388 3405 imperium
1415 3319 1817 3405 recepisset,
1830 3320 1897 3384 in
1929 3317 2205 3402 Illyrico
2234 3326 2309 3383 et

101 3424 166 3486 in
213 3422 588 3488 Germania
633 3422 1131 3500 exoriebantur,
1191 3421 1457 3489 minime
1513 3421 1649 3487 huc
1692 3418 2086 3485 revocandae
2128 3425 2304 3498 sunt,

99 3541 250 3588 nam
279 3522 420 3587 illae
443 3541 578 3588 non
607 3524 1088 3589 antecedebant
1107 3524 1250 3608 ejus
1272 3524 1645 3608 imperium,
1668 3522 1793 3587 sed
1818 3520 2305 3603 sequebantur;

1 3693 3 3698 ,
101 3622 466 3707 harumque
496 3623 680 3689 faces
725 3642 863 3688 non
909 3624 1223 3702 extinxit,
1266 3623 1390 3688 sed
1441 3622 1897 3709 comparavit3
1941 3626 2165 3707 atque-
2187 3621 2303 3685 isti

0 4361 12 4738 Ξ

101 3724 450 3789 exercitus
477 3739 609 3789 non
650 3725 1247 3803 tumultuabantur,
1277 3743 1429 3789 cum
1461 3726 1609 3789 sine
1637 3741 1763 3789 suo
1792 3721 2021 3805 capite
2046 3720 2301 3815 discor·

159 3932 182 3957 ·
211 3924 434 3975 sueton.
455 3922 634 3972 Tiber.
655 3926 738 3975 2⁷.
1301 3930 1328 3957 ⁸
1356 3922 1521 3973 Tacit.
1550 3921 1737 3971 Annal.
1758 3934 1799 3971 ι.
1822 3923 1874 3970 7.
1897 3924 1954 3971 et
1973 3925 2053 3972 11.

157 4008 182 4033 ¹
215 3998 302 4049 ld.
325 3996 453 4047 ibid.
469 4000 557 4048 8⁰.
1301 3998 1326 4033 δ
1357 3998 1571 4047 Sueten.
1590 3996 1764 4046 Tiber.
1788 3998 1872 4047 2⁴.
2040 4030 2047 4036 -

157 4084 182 4118 ι
211 4074 298 4124 u.
323 4072 451 4123 ibid.
473 4077 557 4123 πο.
1303 4082 1326 4109 ⁸
1357 4071 1528 4123 Tacit.
1571 4073 1607 4122 1.
1649 4072 1685 4122 1.
1722 4068 1863 4123 conf.
1914 4072 2071 4123 etia·
2109 4072 2301 4125 Vellei!

157 4158 178 4185 ⁸
207 4149 290 4201 ld.
313 4146 441 4200 ibid.
463 4152 550 4201 w.
1239 4148 1455 4199 Patere.
1480 4145 1685 4197 Hister.
1711 4150 1914 4199 110-184.
