2858 4782
641 413 900 463 surm..
955 413 1032 462 m
1081 415 1154 476 Q.
1201 413 1555 466 comtum
1608 415 1754 464 ms.
1802 421 1850 463 1.
2260 405 2351 470 69

146 571 269 613 rum
300 551 474 614 bellis
499 555 910 625 exercebatur,
937 567 1000 617 et
1045 557 1424 636 subjugando
1476 567 1779 617 terrarum·
1808 557 1934 618 orbi
1983 553 2347 636 quotidianis

147 649 524 711 incrementis
559 650 954 728 pmludebat.

223 745 306 805 11.
372 747 430 805 1.
465 747 548 805 At
565 745 876 827 Philippus
905 759 1119 808 auctus
1157 749 1300 822 filio,
1328 749 1406 808 de
1429 768 1553 830 quo
1582 758 1821 828 propter
1854 746 2057 808 oblata
2086 759 2177 808 tot
2203 750 2350 808 omi-

147 860 220 900 na
246 860 420 920 spem
449 842 870 921 amplissimam
901 854 1279 924 conceperat,
1323 843 1385 902 in
1427 844 1845 904 educationem
1872 861 2191 922 curamque
2222 844 2351 922 ejus

145 955 349 998 omnes
399 938 794 1016 cogitationes
835 940 1148 1000 convertit.
1232 944 1292 999 2.
1341 940 1579 1019 Quippe
1623 939 1709 999 vir
1750 926 2115 1018 prudemuizt
2142 957 2351 998 amans

146 1033 370 1111 patrie,
399 1033 548 1093 nihil
575 1034 980 1097 molitionibus
1011 1035 1135 1096 suis
1177 1036 1506 1114 profectum
1528 1034 1705 1096 facile
1734 1036 2051 1104 sentiebat,
2094 1035 2145 1092 si
2176 1035 2351 1094 rebus

145 1128 409 1208 undique
435 1129 636 1202 motis,
663 1130 962 1192 bominem
991 1132 1324 1211 imperitum
1353 1141 1459 1192 aut
1506 1151 1749 1212 segnem
1794 1130 2171 1192 Macedoniae
2216 1139 2355 1210 post

147 1243 204 1282 se
245 1224 652 1303 relinqueret:
697 1245 865 1287 suam
895 1246 1138 1306 quoque
1169 1227 1416 1308 gloriam
1446 1225 1610 1286 haud
1637 1224 1965 1286 durabilem
1991 1227 2271 1295 futuram,
2300 1226 2353 1284 si

143 1321 528 1381 maximarum
579 1339 775 1382 rerum
830 1321 1246 1396 instrumenta,
1299 1342 1437 1400 quse
1492 1331 1663 1382 tanta
1716 1320 2011 1381 industria
2082 1323 2355 1399 parabat,

145 1416 510 1476 successoris
537 1415 748 1477 inertia
777 1418 1161 1496 corrupisset.
1247 1420 1307 1478 3.
1351 1417 1658 1496 Leguntur
1684 1417 1841 1476 inter
1866 1414 2153 1494 epistolas
2200 1417 2351 1495 ejus,

144 1512 474 1570 venustatis
493 1503 560 1572 'et
587 1511 916 1592 prudentias
945 1515 1174 1592 plenas,
1203 1513 1440 1585 literae,⁸
1477 1531 1629 1592 quas
1656 1523 1781 1572 tum
1830 1512 1909 1572 ad
1952 1512 2354 1590 Aristotelem,
2438 1501 2445 1508 ’

145 1608 238 1687 qui
267 1627 412 1668 cum
441 1607 690 1670 Platone
721 1613 1134 1682 exercebatur,
1157 1610 1425 1670 Athenas
1454 1609 1636 1680 misit,
1662 1608 1723 1667 in
1772 1606 1931 1667 hunc
1962 1608 2083 1668 fere
2111 1607 2351 1667 modum

147 1703 405 1783 scriptae.
485 1705 550 1764 4.
589 1711 610 1740 ‘
639 1705 951 1784 Philippus
1009 1704 1316 1766 Aristoteli
1373 1705 1627 1764 salutem
1665 1702 1833 1764 dicit.
1916 1701 2241 1762 Certiorem
2293 1713 2352 1764 te

145 1795 316 1869 facio,
359 1797 546 1858 fllium
575 1799 716 1860 mihi
743 1801 1012 1879 genitum
1039 1821 1198 1862 esse.
1269 1801 1398 1860 Nec
1425 1798 1673 1880 perinde
1696 1797 1829 1859 Diis
1858 1798 2107 1877 gratiam
2136 1797 2353 1872 habeo,

144 1889 302 1969 quod
334 1893 580 1952 omnino
609 1907 787 1954 natus
818 1904 930 1967 est,
957 1913 1138 1974 quam
1169 1894 1332 1975 quod
1353 1905 1408 1955 te
1425 1895 1673 1956 florente
1694 1894 1863 1954 nasci
1877 1895 2043 1954 illum
2064 1895 2350 1974 contigit:

145 2005 324 2065 aquo
339 1987 661 2048 educatum
691 1990 1144 2069 institutumque
1163 1982 1366 2070 ¹neque
1395 1991 1568 2050 nobis
1599 1988 1911 2068 indignum
1938 2009 2111 2069 spero
2140 2011 2355 2052 evasu-

143 2101 290 2155 rum,
327 2103 533 2162 ‘neque
573 2085 937 2145 successioni
983 2097 1278 2145 tantarum
1331 2104 1521 2144 rerum
1566 2085 1867 2164 imparem.
1951 2085 2153 2144 Satius
2194 2086 2353 2145 enim

143 2179 420 2239 existimo
445 2199 645 2240 carere
673 2180 895 2255 liberis,
919 2199 1099 2260 quam
1121 2180 1437 2259 opprobria
1456 2179 1744 2258 majorum
1766 2199 2006 2240 suorum
2022 2181 2353 2252 tollentem,

143 2273 197 2332 in
225 2293 472 2353 poenam
493 2275 818 2353 genuisse!
901 2274 1114 2355 Neque
1143 2276 1355 2336 fefellit
1379 2294 1517 2336 eum
1544 2275 1767 2354 opinio.
1854 2279 1911 2336 5.
1940 2275 2179 2355 Quippe
2206 2294 2353 2355 puer

142 2369 464 2433 Aristotele
494 2370 738 2432 doctore
767 2371 872 2433 diu
901 2393 1069 2445 usus,
1099 2371 1174 2433 ad
1206 2391 1300 2432 res
1342 2371 1402 2432 in
1448 2391 1521 2432 ea
1560 2381 1739 2433 aetate
1781 2371 2075 2451 gerendas
2116 2373 2349 2451 insigne

143 2466 488 2545 presidium
517 2468 629 2527 sibi
657 2469 1044 2549 comparavit.
1129 2470 1248 2529 Sed
1279 2470 1410 2529 hoec
1450 2482 1661 2549 postea
1680 2468 2045 2531 acciderunt.
2110 2470 2349 2530 Interim

145 2563 452 2623 constituti
483 2576 623 2623 sunt
651 2564 859 2625 infanti
891 2566 1210 2625 nutritores
1240 2576 1420 2644 atque
1451 2565 1791 2644 poedagogi‚
1822 2566 2115 2626 Leonidas
2144 2566 2350 2646 Olym-

141 2660 334 2737 piaclis
355 2660 748 2738 propinquus,
769 2660 1232 2740 etLysimachus
1253 2662 1551 2721 Acarnan.
1556 2672 1581 2707 b
1630 2658 1694 2721 Β.
1718 2660 2075 2741 Philippus⁶
2092 2661 2349 2721 nationis

141 2755 410 2831 ejusdcm
468 2754 760 2834 adjectus,
815 2757 917 2835 qui
972 2756 1370 2817 valetudinem
1423 2757 1607 2837 pueri
1646 2770 1914 2836 regeret·
1980 2754 2351 2817 Hellanicaea

139 2850 456 2932 (Dropidis
480 2860 610 2910 erat
633 2850 776 2924 filia,
805 2872 877 2912 ex
904 2852 1324 2915 illustrioribus
1354 2853 1755 2913 Macedonum
1782 2852 2061 2926 foeminis)
2086 2852 2351 2929 corporis

141 2955 198 3004 et
211 2966 450 3007 morum
477 2958 642 3007 recta
667 2949 944 3027 temperie
964 2952 1232 3029 probatas
1263 2949 1511 3009 nutricis
1540 2968 1758 3007 munus
1786 2946 2215 3007 demandatum
2234 2958 2347 3005 est.

143 3043 196 3101 7.
241 3042 380 3103 Hac
404 3062 550 3103 cura
575 3060 802 3124 pancos
829 3045 984 3105 intra
1011 3066 1206 3106 aranos
1233 3044 1509 3104 effectum
1536 3056 1649 3115 est,
1682 3056 1748 3104 ut
1775 3043 1901 3122 jam
1932 3055 2057 3103 tum
2084 3042 2350 3123 polliceri
2430 3104 2443 3119 ,

139 3136 441 3199 videretur
485 3157 624 3199 eum
675 3156 898 3217 regem,
955 3159 1130 3219 quem
1183 3141 1565 3219 postmodum
1622 3137 1889 3201 exhibuit
1914 3158 1933 3197 t
1976 3158 2115 3199 nam
2170 3147 2235 3199 et
2285 3138 2349 3196 in

137 3233 466 3310 puerilibus
497 3233 774 3295 membris
803 3234 1130 3298 indomitus
1167 3238 1463 3296 eminebat
1510 3236 1712 3315 vigor:
1756 3245 1819 3297 et
1862 3235 2091 3296 eximiae
2128 3232 2349 3293 indolis

137 3340 494 3409 argumenta
547 3340 786 3391 oetatem
830 3331 1011 3411 louge
1059 3344 1489 3412 proevenerant.
1574 3336 1631 3392 8.
1686 3332 2002 3393 Excellens
2030 3332 2249 3390 'nativa
2288 3339 2353 3389 et

137 3426 404 3503 genuina
458 3437 771 3487 venustate
827 3430 1142 3509 corporis,·
1209 3430 1435 3489 cultum
1492 3428 1918 3509 aspernabatur
1946 3422 2004 3486 τ’
2063 3434 2080 3460 ‘
2111 3423 2349 3485 anxiam

134 3520 344 3583 forme
371 3540 579 3581 curam
609 3521 862 3585 soeminis
889 3526 1206 3585 convenire
1223 3524 1241 3549 ⁹
1267 3524 1571 3596 dictitans,
1612 3532 1629 3558 ‘
1652 3544 1788 3603 quoe
1818 3522 1985 3581 nulla
2010 3519 2127 3579 alia
2171 3519 2311 3579 dote
2332 3518 2349 3543 ’

137 3636 310 3697 teque
365 3618 962 3681 commendarentur:
1005 3628 1024 3655 ‘
1046 3622 1100 3682 si
1147 3620 1380 3681 virtutis
1429 3620 1607 3701 potiri
1662 3618 2035 3698 contigisset,
2086 3614 2231 3675 satis
2280 3632 2349 3673 se

137 3713 478 3791 speciosum
525 3713 694 3773 fore!
773 3718 833 3776 9.
879 3716 1018 3775 Fuit
1043 3724 1265 3788 autem,
1295 3735 1431 3776 cum
1462 3714 1843 3785 adolevisset,
1860 3713 2030 3792 justa
2054 3711 2351 3772 membro·
2386 3732 2393 3745 ·

137 3828 262 3869 rum
281 3809 669 3889 proportione
683 3812 1067 3890 conspicuus,
1093 3812 1341 3872 artubus
1363 3811 1647 3883 robustis,
1666 3812 1967 3891 probeque
1984 3806 2347 3886 compactis:

199 4020 224 4047 ⁸
255 4012 370 4063 Dio
393 4012 550 4066 Orat.
567 4027 630 4065 ιι.
669 4013 905 4079 Agellins
925 4030 1005 4068 ιι.
1023 4020 1073 4068 8.
1284 4018 1473 4069 AElian.
1496 4028 1603 4067 ιιι.
1620 4020 1705 4067 26.
1740 4016 1932 4067 Athen.
1952 4029 2031 4065 tv.
2051 4018 2103 4067 1.

197 4088 222 4123 δ
241 4088 392 4140 Plnt.
419 4089 575 4140 Alex.
598 4106 650 4154 p.
669 4094 786 4143 cof.
1350 4102 1374 4127 ὲ
1397 4092 1584 4141 AElian.
1614 4104 1725 4143 ιιι.
1750 4096 1830 4143 14.
1885 4090 2094 4143 Art-ian.
2124 4102 2229 4139 vu.
2264 4091 2348 4138 28.

199 4171 222 4196 ²
237 4165 392 4217 eurr.
413 4178 504 4217 111.
525 4170 577 4216 ο.
601 4168 652 4215 1.
1285 4168 1431 4219 Plnt.
1455 4168 1608 4219 Alex.
1631 4172 1747 4219 066.

200 4239 226 4273 ⁴
243 4240 396 4293 Idem
437 4254 564 4294 vm.
601 4245 649 4290 1.
669 4244 752 4294 st.
807 4242 1016 4295 Arrlsn.
1043 4258 1120 4299 tv.
1157 4248 1204 4297 1.
1350 4242 1372 4276 ¹
1399 4243 1547 4294 Curt.
1566 4256 1654 4293 ιιι.
1678 4248 1727 4294 5.
1744 4246 1795 4291 2.
