2858 4782
595 405 676 456 m
725 409 1081 470 Qum'rum
1129 408 1478 458 courum
1533 413 1822 462 nurum.
2094 441 2101 446 -
2208 403 2304 468 36

110 559 180 616 et
207 549 362 635 quis
389 549 626 630 suerit3
672 563 956 636 cumque
997 550 1150 635 jure
1198 571 1278 618 ac
1326 553 1565 618 merito
1609 554 1977 634 dubitetur,
2012 559 2301 642 scripto—-

110 671 240 718 rem
273 652 530 718 Rerum
561 651 652 718 ab
677 651 1066 718 Alexandro
1107 653 1207 718 Μ.
1255 662 1597 736 gestarum
1638 674 1811 735 esse,
1840 677 2037 741 quem
2067 659 2305 726 Cicero

115 753 192 818 ad
235 752 478 832 Quint.
525 753 739 820 Fratr.
789 769 905 818 111.
947 754 1080 838 Ep.
1139 755 1203 818 2.
1255 755 1510 834 laudat,
1558 759 1811 822 bonum
1854 766 1927 822 et
1975 761 2305 840 eruditum

115 856 629 932 adolescentem,
678 857 793 922 vel
837 875 1039 939 quem
1089 855 1135 919 J
1139 858 1443 922 uvenalis
1491 857 1635 923 Sat.
1690 875 1800 924 xr.
1848 860 2305 928 vehementem

112 965 435 1023 oratorem
466 964 693 1034 vocat,
719 957 828 1021 vel
881 957 968 1020 de
1021 976 1158 1039 quo
1197 958 1485 1023 Tacitus
1521 957 1767 1024 Annal.
1818 976 1931 1028 xl.
1958 962 2067 1026 20.
2098 971 2167 1028 et
2196 965 2303 1028 21.

115 1065 219 1124 aut
247 1075 402 1122 xvi.
429 1047 541 1122 28.
568 1059 892 1142 loquitur,
924 1059 1035 1123 vel
1064 1059 1268 1124 etiam
1310 1079 1507 1143 quem
1555 1061 1921 1128 Suetonius
1959 1064 2027 1128 in
2068 1064 2303 1131 libello

115 1161 188 1224 de
219 1158 442 1224 claris
477 1159 888 1226 Rhetoribus
931 1161 1102 1226 inter
1136 1161 1378 1226 Claros
1423 1161 1763 1228 Rhetores
1806 1165 2022 1243 refert,
2051 1167 2159 1232 vel
2188 1168 2305 1231 de·-

115 1261 304 1344 nique
350 1260 560 1324 ullum
611 1261 839 1340 alium,
882 1265 1080 1346 cujus
1127 1269 1386 1328 veteres
1433 1265 1801 1348 scriptores
1850 1269 2303 1345 meminerunt,

115 1381 242 1426 non
269 1362 519 1439 habeo,
539 1381 694 1444 quae
727 1363 812 1426 de
855 1364 1022 1428 vitae-
1057 1362 1206 1447 ejus
1249 1365 1633 1430 conditione
1665 1367 1911 1432 dicam.
2002 1367 2308 1436 Rhetori-

115 1483 220 1527 ces
249 1463 822 1530 studiosissimum
851 1465 1061 1530 fuisse
1089 1465 1302 1544 illum,
1327 1486 1420 1530 ex
1451 1466 1912 1546 Orationibus,
1934 1489 2103 1552 quas
2134 1469 2302 1536 His-

116 1565 300 1630 toriae
355 1584 496 1630 suae
553 1565 840 1631 inserere
891 1575 1098 1645 amat,
1147 1569 1314 1633 satis
1368 1569 1639 1651 quidem
1688 1575 1969 1634 constat.
2062 1571 2305 1636 Utrum

116 1685 264 1730 vero
295 1671 508 1732 artem
548 1665 728 1730 illam
777 1667 1127 1750 professus
1177 1669 1264 1732 sit
1301 1675 1502 1752 atque
1556 1670 1831 1752 publice
1862 1670 2188 1749 docuerit,
2216 1691 2304 1736 an

117 1767 316 1831 otium
345 1769 444 1833 illi
475 1769 702 1832 studio
731 1769 1272 1852 suppeditaverit
1299 1769 1497 1834 modo
1535 1771 2035 1853 privatim,.non
2064 1772 2303 1856 lique&

189 1887 296 1933 iv.
362 1869 566 1934 Fides
605 1869 939 1935 Historici
985 1870 1347 1953 Scriptoris
1392 1889 1525 1935 non
1558 1873 1780 1936 solum
1810 1874 1896 1937 ab
1924 1874 2177 1955 integro
2208 1881 2308 1940 at·-

115 1990 234 2054 que
263 1972 654 2055 incorrupto
683 1971 988 2036 veritatis
1017 1971 1237 2036 studio
1261 1973 1529 2056 pendet,
1558 1975 1677 2038 sed
1712 1976 1920 2040 etiam
1947 1993 1988 2038 a
2011 1975 2305 2042 fontibus

113 2071 302 2151 unde,
331 2091 494 2156 quae
527 2074 892 2140 traditurus
916 2075 1028 2152 sit,
1057 2073 1336 2138 hauriat.
1385 2073 1567 2138 Illud
1593 2073 1763 2140 facit
1784 2083 1863 2139 ut
1894 2095 2052 2140 vera
2081 2077 2305 2143 dicere

115 2173 282 2246 velit,
311 2173 386 2238 hi
421 2184 490 2239 ut
519 2195 604 2240 ea
645 2176 870 2240 dicere
899 2174 1159 2259 possit:
1206 2175 1390 2256 atqui
1423 2183 1599 2240 certe
1628 2195 1853 2255 nemo,
1882 2177 1999 2261 qui
2028 2176 2176 2242 sine
2207 2179 2307 2244 ira

113 2283 170 2338 et
221 2277 456 2340 studio
518 2276 820 2352 Curtium
863 2277 1120 2358 legerit,
1169 2278 1630 2342 sinceritatem
1682 2279 1831 2362 ejus
1878 2278 2305 2344 desiderabit.

119 2375 356 2445 Fontes
401 2379 738 2459 autem,.si
784 2400 916 2445 non
967 2380 1138 2445 satis
1189 2385 1390 2443 caute
1442 2377 1664 2461 elegit,
1712 2377 1924 2445 Curtii
1971 2379 2183 2443 minus
2235 2379 2308 2445 id

117 2482 346 2545 vitium
371 2482 520 2560 fuit,
551 2502 752 2566 quam
779 2482 1062 2547 fontium
1093 2482 1415 2565 ipsorum,
1448 2481 1515 2544 in
1555 2481 1821 2564 quibus,
1855 2498 2055 2564 aeque
2090 2481 2307 2564 impu:

117 2581 198 2645 ris
221 2590 290 2649 et
319 2584 790 2649 contaminatis
819 2584 1156 2661 omnibuS,
1188 2582 1375 2646 nulla
1397 2580 1534 2645 fere
1562 2581 1805 2646 electio
1835 2590 2043 2647 esset.

191 2684 477 2751 Scilicet
504 2684 890 2751 Alexander
932 2685 1028 2749 ita
1073 2688 1222 2749 erat
1261 2683 1541 2749 honoris
1584 2682 1902 2765 cupidus,
1928 2689 2167 2747 utnon
2196 2704 2310 2749 so·
2368 2732 2373 2739 .

115 2784 570 2869 lum,.abjecta
597 2786 886 2851 bominis
911 2784 1344 2861 conditione,
1359 2784 1773 2849 divinitatem
1798 2784 1943 2847 sibia
1960 2802 2305 2863 assereret,

16 2878 18 2885 ’
117 2886 392 2971 ipseque
421 2906 594 2951 vana
621 2886 742 2953 illa
770 2884 1248 2971 praedicatione
1287 2904 1444 2949 sese
1482 2886 1800 2968 jactaret,
1830 2882 1951 2947 sed
1981 2884 2187 2948 etiam
2218 2887 2315 2949 ab

117 2988 256 3053 aliis
283 2990 480 3075 Deus
507 2989 689 3053 credi
720 2987 949 3063 vellet,
981 2997 1184 3070 atque
1217 2986 1306 3050 ob
1335 2986 1533 3049 istam
1566 3002 1843 3049 causam
1863 2984 2169 3048 homines
2190 3003 2304 3049 ac-

119 3090 264 3155 ciret
289 3091 496 3155 donis
537 3088 956 3172 pecuniaque
999 3093 1374 3170 corruptoS,
1403 3088 1523 3169 qui
1568 3093 1721 3151 acta
1760 3085 2007 3169 ipsius,
2033 3105 2171 3149 non
2217 3087 2303 3151 ad

119 3190 488 3265 veritatem,
519 3191 907 3254 sed-mirum
951 3190 1016 3252 in
1065 3188 1337 3253 modum
1369 3195 1573 3253 aucta
1602 3194 1669 3251 et
1698 3186 2131 3271 amplificata,
2164 3208 2303 3251 me.-

119 3294 354 3359 moriae·
379 3292 754 3376 proderent.
843 3288 1172 3355 Veritatis
1218 3290 1313 3353 ita
1359 3295 1503 3353 erat
1547 3289 1925 3370 impatiens,
1956 3296 2033 3351 ut
2073 3286 2307 3353 hostili

121 3394 264 3459 odio
315 3396 388 3459 in
436 3412 603 3457 suos
633 3410 1099 3476 quoscumque
1145 3390 1442 3467 saeviret,
1487 3391 1604 3474 qui
1648 3407 1871 3465 secus»,
1904 3395 2107 3471 atque
2150 3391 2305 3472 ipse

111 3494 442 3575 jussisset,
471 3493 744 3559 credere
782 3493 1216 3571 viderentur3„
1258 3510 1480 3574 neque
1524 3490 1729 3555 etiam
1780 3488 2099 3553 amicitiae
2146 3489 2311 3559 fidei

119 3604 436 3675 parceret,
469 3597 1028 3679 quotiescumque
1059 3592 1308 3675 aliquis
1339 3612 1431 3656 ex
1458 3593 1604 3676 ejus
1653 3591 1907 3655 intimis
1951 3596 2089 3655 tam
2119 3591 2311 3655 stoli-

20 3686 22 3753 ζ
123 3694 212 3759 dae
245 3698 592 3777 superbiae
621 3694 897 3777 obloqui
929 3700 1119 3760 esset
1161 3711 1400 3759 ausus.
1492 3692 1679 3771 Quid
1717 3690 1980 3768 mirum,
2004 3691 2065 3753 si
2094 3693 2315 3757 exiret

20 3872 22 3893 i
123 3798 281 3875 aula,
313 3798 435 3883 qui
464 3798 627 3879 pius
649 3816 804 3861 esse
831 3796 1094 3865 vellet‘l·
1123 3815 1247 3863 nec
1289 3801 1721 3873 remanerent,
1736 3794 1879 3865 ‚nisi
1909 3792 2313 3871 adulatores,

22 3912 24 3919 ·
125 3898 228 3978 qui
257 3899 354 3963 ad
385 3897 699 3973 infatuati
727 3898 902 3979 regis
929 3915 1063 3961 non
1097 3897 1302 3961 modo
1331 3915 1626 3973 sensum,
1660 3894 1780 3959 sed
1825 3892 2024 3957 etiam
2053 3895 2315 3958 vultum

125 4006 314 4081 atque
343 4004 582 4063 nutum
611 4003 1172 4074 converterentur,
1202 3998 1320 4081 qui
1355 4016 1469 4061 res
1508 3995 1965 4061 tenuissimas·
1982 4001 2315 4078 augerent,

123 4100 274 4165 vitia
327 4101 782 4178 honestarent,
825 4118 1013 4163 mera
1069 4104 1371 4163 monstra
1421 4096 1857 4178 divulgarent,
1908 4102 2111 4178 atque
2161 4097 2317 4177 ipsa

123 4216 326 4266 rerum
369 4208 796 4267 monumenta
847 4200 1378 4283 assentationum
1425 4199 1783 4283 portentis.
1805 4202 2337 4280 corrumperent..
