2858 4782
467 365 558 436 42
1237 383 1845 434 -rnonncomnNA

469 527 750 610 recepit.
839 523 998 591 Vid.
1057 545 1126 592 V.
1177 528 1243 594 6.
1273 530 1338 593 9.
1434 543 1513 590 x.
1558 527 1667 591 10.
1712 529 1774 590 5.
1818 533 1883 590 et
1914 527 2187 609 passim.
2278 527 2677 606 Quinetiam·

471 631 624 711 ipse
653 635 906 694 tantam
935 629 1121 693 illam
1153 630 1697 712 componentium
1722 637 1988 692 vetusta
2012 647 2222 690 rerum
2246 641 2678 695 monumenta

474 729 588 795 vel
631 732 1085 808 securitatem,
1121 730 1228 793 vel
1279 749 1400 812 par
1440 729 1594 793 huic
1644 729 1901 808 vitium,
1950 729 2427 806 credulitatem,
2466 732 2678 796 demi·-

473 849 631 895 rans
659 831 931 914 ingemit
967 847 1073 894 lx.
1103 833 1168 896 5.
1195 831 1304 896 21.
1372 829 1680 895 Ceterum
1710 832 1917 896 multa
1946 829 2221 894 Curtius
2252 850 2291 894 e
2324 831 2680 896 Clitar-cho

475 931 786 996 hausisse
815 932 1102 996 videtur.
1163 931 1328 997 Vid.
1361 947 1473 996 lx.
1499 934 1564 995 05.
1588 932 1697 996 21.
1728 936 1795 995 et
1827 947 1935 993 ix.
1966 931 2027 995 8.
2064 931 2170 994 15.
2256 931 2476 996 Simul
2515 952 2676 997 vero

474 1032 746 1100 minime
788 1032 1045 1114 sprevit
1083 1029 1540 1096 Ptolemaeum.
1630 1031 1792 1095 Vid.
1828 1047 1897 1094 v.
1926 1030 2130 1096 3.·12.
2176 1030 2358 1105 (coll.
2406 1029 2676 1098 Arrian.

480 1146 596 1198 ιιι.
645 1132 754 1198 17.
797 1130 944 1212 fin.)
985 1138 1053 1197 et
1082 1149 1196 1197 1x.
1235 1135 1298 1198 5.
1327 1134 1436 1198 21.

563 1233 754 1298 Hinc
790 1233 1108 1316 colligere
1149 1249 1522 1318 possumus
1552 1231 1853 1298 Curtium
1883 1233 2152 1316 >quidem
2186 1233 2573 1318 neutiquam
2604 1235 2681 1298 id

479 1335 728 1416 egisse,
765 1341 844 1402 ut
890 1335 1258 1401 Historiam
1301 1338 1621 1413 criticam,
1660 1355 1867 1418 quam
1916 1343 2181 1406 vocant,
2226 1343 2684 1418 componeret,

479 1435 602 1500 sed
632 1441 724 1514 ut,
754 1455 911 1520 quae
953 1437 1200 1502 tradita
1240 1444 1467 1501 essent
1510 1439 1597 1501 ab
1638 1437 2049 1517 auctoribuS,
2078 1457 2345 1500 amoena
2372 1439 2679 1502 oratione

480 1543 847 1615 renovaret,
878 1543 1081 1622 atque
1108 1539 1204 1603 ita
1253 1538 1539 1601 lectores
1590 1543 1849 1601 teneret
1897 1557 1979 1601 ac
2022 1535 2384 1602 delectaret
2430 1539 2687 1621 potiuS,

477 1657 680 1722 quam
720 1638 1010 1704 doceret.
1101 1638 1344 1722 Neque
1373 1639 1472 1702 ita
1500 1637 1891 1730 incredibile
1930 1645 2051 1716 est,
2084 1637 2264 1721 quod
2301 1639 2445 1722 jam
2489 1639 2685 1704 Peri-

480 1739 720 1806 zonius
765 1740 955 1817 vidit,
998 1739 1300 1804 Curtium
1339 1739 1513 1804 hanc
1562 1740 1993 1822 potissimum
2041 1759 2132 1802 ex
2178 1741 2469 1824 antiquis
2510 1741 2688 1804 sele-

479 1842 666 1922 gisse
699 1838 1098 1918 Historiam,
1129 1859 1332 1923 quam
1365 1839 1607 1903 Latino
1654 1849 2096 1923 exequeretur
2148 1857 2471 1915 sermone,
2523 1845 2693 1924 qnia

482 1939 754 2004 sublimi
803 1941 981 2024 stylo
1031 1945 1103 2004 et
1147 1939 1459 2004 oratoriis
1502 1941 2001 2006 narrationibus
2032 1942 2364 2005 videretur
2390 1944 2691 2008 maxime

431 2060 437 2066 ·
483 2049 879 2125 opportuna.
969 2040 1176 2120 Quod
1210 2061 1369 2108 vero
1402 2043 1584 2106 haud
1627 2043 1877 2128 injuria
1920 2043 2087 2107 vitio
2127 2043 2397 2107 vertitur
2426 2037 2693 2120 Curtio,

480 2149 604 2220 est,
633 2143 817 2226 quod
847 2143 1072 2222 multa,
1108 2162 1264 2227 quae
1289 2145 1360 2207 in
1389 2161 1589 2227 opere
1610 2143 1967 2208 Histoi-ico
1997 2163 2174 2226 segre
2200 2141 2688 2222 desideramus,

481 2261 718 2327 parum
750 2243 1099 2323 curaverit,
1142 2251 1208 2310 et
1248 2246 1348 2309 sic
1394 2263 1461 2308 v.
1490 2263 1549 2308 c.
1596 2263 1809 2308 annos
1837 2251 1907 2309 et
1936 2249 2394 2326 tempestates,
2437 2244 2692 2326 quibus

484 2345 741 2429 singula
791 2352 987 2429 gesta
1031 2347 1189 2427 sint,
1235 2365 1575 2430 nusquam
1606 2345 1966 2411 addiderit.
2055 2344 2192 2410 Sed
2222 2343 2386 2428 quid
2418 2345 2685 2425 mirum,

483 2447 665 2529 quod
696 2448 1076 2512 Historiam
1101 2449 1406 2523 bominis,
1438 2448 1553 2531 qui
1588 2449 1741 2530 ipse
1786 2468 1878 2524 se,
1926 2464 2127 2530 quem
2176 2464 2408 2509 ornnes
2456 2448 2697 2529 Scrip-

483 2552 661 2611 tores
693 2553 879 2611 tanto
909 2550 1060 2612 nisu
1097 2558 1168 2611 et
1203 2549 1466 2631 impetu
1512 2554 1985 2631 portentosum
2032 2548 2491 2625 reddiderant,
2536 2556 2691 2615 tan-

487 2665 693 2730 quam
727 2646 1076 2713 Fabellam
1112 2648 1610 2713 Romanensem
1643 2655 1982 2726 tractaret,
2014 2658 2083 2714 et
2113 2668 2329 2732 neque
2364 2654 2471 2721 τὰς
2512 2651 2699 2727 βασι-

487 2748 669 2821 λείους
697 2748 1032 2835 ἐφημὲςιὸας
1060 2750 1439 2834 inspiceret,
1467 2768 1681 2832 neque
1714 2750 2021 2815 Baetonis
2053 2768 2135 2814 ac
2168 2750 2479 2833 Diogneti
2512 2752 2701 2814 σταθ-

489 2848 628 2931 μοὺς
667 2854 764 2926 τῆς
805 2845 1172 2937 Ἀλεξάνδρου
1223 2847 1469 2935 πορείας,
1516 2858 1837 2933 tanquam
1883 2852 1971 2915 ad
2012 2871 2150 2915 rem
2211 2870 2400 2915 suam
2454 2870 2697 2934 parum

484 2951 828 3030 facienteu,
857 2954 1284 3017 consuleret?

561 3050 736 3127 Quae
759 3054 985 3115 omnia
1003 3054 1061 3116 si
1081 3056 1248 3116 bene
1271 3055 1527 3136 riteque
1548 3062 1981 3137 reputassent
2004 3054 2503 3137 reprehensores
2522 3054 2699 3117 Cur-

493 3154 571 3216 tii
592 3150 850 3235 justius
879 3150 1182 3235 profecto
1201 3154 1595 3218 statuissent
1612 3172 1693 3217 ac
1707 3154 2152 3237 judicassent,
2176 3174 2381 3237 quam
2406 3155 2699 3220 subinde

487 3252 740 3341 factum
763 3259 883 3318 est.
944 3252 1132 3317 Nihil
1157 3260 1382 3317 tamen
1399 3255 1723 3337 iniquiuS,
1746 3255 1911 3319 nihil
1929 3255 2293 3338 indignius„
2312 3256 2477 3320 nihil
2502 3276 2699 3321 acer-

492 3354 646 3419 bius
688 3354 944 3418 dictum
977 3359 1100 3431 est,
1159 3373 1360 3436 quam
1409 3372 1565 3437 quae
1592 3354 1641 3419 J
1644 3376 1710 3419 0.
1744 3355 2047 3421 Clericus
2078 3358 2147 3418 in
2180 3356 2219 3421 J
2230 3356 2457 3423 udicio
2484 3356 2567 3421 de
2598 3358 2699 3437 Q.

490 3454 726 3519 Curtio
751 3456 1041 3538 protulit.
1115 3455 1250 3519 Sed
1275 3456 1443 3519 satis
1464 3462 1695 3521 notum
1714 3466 1817 3522 est
1844 3455 2181 3523 clericum
2208 3464 2374 3523 aestu
2401 3458 2703 3540 quodam

495 3556 744 3637 ingenii
761 3562 832 3620 et
849 3556 1487 3621 acerbitatenaturae
1506 3558 1855 3641 abreptum
1876 3576 2233 3622 censuram
2254 3558 2534 3622 libenter
2552 3568 2701 3625 stu-

489 3656 812 3739 dioseque
826 3656 892 3718 in
912 3656 1082 3719 alios
1099 3675 1185 3720 ex
1193 3658 1737 3740 ercuisse,neque
1754 3660 2017 3741 optimo
2035 3659 2277 3742 cuique
2290 3662 2705 3743 pepercisse.

490 3756 870 3839 scripserat
920 3755 1024 3820 vir
1075 3756 1198 3819 iste
1248 3754 1482 3821 Artem
1524 3776 1717 3821 suam
1748 3757 2097 3835 Criticam,
2132 3778 2571 3841 normamque
2602 3764 2705 3827 ibi

489 3866 814 3941 posuerat
841 3858 1255 3933 acerrimam,
1285 3877 1419 3942 qua
1454 3876 1647 3923 omne
1684 3860 2013 3944 judicium
2048 3860 2223 3923 soret
2252 3860 2705 3941 dirigendum,

491 3962 582 4034 et,
631 3963 706 4021 ut
748 3959 1145 4037 ostenderet,
1190 3980 1478 4044 quanam
1523 3964 1783 4026 ratione
1836 3980 2121 4027 examen
2164 3962 2463 4025 criticum
2508 3964 2707 4029 insti-

396 4085 405 4091 -
490 4056 806 4121 tuendum
853 4070 1050 4138 esset,
1101 4059 1189 4135 Q.
1220 4059 1438 4127 Curtii
1482 4060 1887 4141 Historiam,
1915 4082 2071 4146 quae
2112 4060 2280 4128 forte
2306 4062 2396 4127 ad
2426 4080 2706 4130 manum

491 4163 692 4237 esset,
743 4159 827 4224 ad
879 4160 1140 4243 regulas
1187 4163 1626 4247 praescriptas
1671 4164 1913 4247 exegit.
2002 4164 2193 4230 Casu
2241 4165 2414 4229 enim
2461 4164 2706 4233 Curtio
