<?xml version="1.0" encoding="UTF-8"?>
<!DOCTYPE html PUBLIC "-//W3C//DTD XHTML 1.0 Transitional//EN"
    "http://www.w3.org/TR/xhtml1/DTD/xhtml1-transitional.dtd">
<html xmlns="http://www.w3.org/1999/xhtml" xml:lang="en" lang="en">
 <head>
  <title>
</title>
<meta http-equiv="Content-Type" content="text/html;charset=utf-8" />
  <meta name='ocr-system' content='tesseract 3.04.00' />
  <meta name='ocr-capabilities' content='ocr_page ocr_carea ocr_par ocr_line ocrx_word'/>
</head>
<body>
  <div class='ocr_page' id='page_1' title='image "./quinticurtirufi00freigoog_0123.png"; bbox 0 0 2858 4782; ppageno 0'>
   <div class='ocr_carea' id='block_1_1' title="bbox 887 314 920 331">
    <p class='ocr_par' dir='ltr' id='par_1_1' title="bbox 887 314 920 331">
     <span class='ocr_line' id='line_1_1' title="bbox 887 314 920 331; baseline 0 0"><span class='ocrx_word' id='word_1_1' title='bbox 887 314 920 331; x_wconf 58' lang='grc' dir='ltr'><strong><em>Ι</em></strong></span> 
     </span>
    </p>
   </div>
   <div class='ocr_carea' id='block_1_2' title="bbox 529 375 1933 439">
    <p class='ocr_par' dir='ltr' id='par_1_2' title="bbox 529 375 1933 439">
     <span class='ocr_line' id='line_1_2' title="bbox 529 375 1933 439; baseline -0.005 0"><span class='ocrx_word' id='word_1_2' title='bbox 529 375 659 439; x_wconf 82' lang='lat'>102</span> <span class='ocrx_word' id='word_1_3' title='bbox 1123 424 1132 433; x_wconf 93' lang='lat'>.</span> <span class='ocrx_word' id='word_1_4' title='bbox 1313 387 1371 435; x_wconf 73' lang='lat' dir='ltr'>s.</span> <span class='ocrx_word' id='word_1_5' title='bbox 1423 384 1933 436; x_wconf 74' lang='lat' dir='ltr'>rnsmsumsu</span> 
     </span>
    </p>
   </div>
   <div class='ocr_carea' id='block_1_3' title="bbox 511 522 2757 3842">
    <p class='ocr_par' dir='ltr' id='par_1_3' title="bbox 519 522 2757 1067">
     <span class='ocr_line' id='line_1_3' title="bbox 525 522 2754 608; baseline -0.003 -18"><span class='ocrx_word' id='word_1_6' title='bbox 525 530 738 590; x_wconf 81' lang='lat' dir='ltr'>ceteris</span> <span class='ocrx_word' id='word_1_7' title='bbox 786 531 1010 608; x_wconf 83' lang='lat' dir='ltr'>impetu</span> <span class='ocrx_word' id='word_1_8' title='bbox 1057 528 1216 588; x_wconf 80' lang='lat' dir='ltr'>facto</span> <span class='ocrx_word' id='word_1_9' title='bbox 1265 524 1655 589; x_wconf 73' lang='lat' dir='ltr'><strong>semisomnos</strong></span> <span class='ocrx_word' id='word_1_10' title='bbox 1712 536 1777 585; x_wconf 85' lang='lat' dir='ltr'>et</span> <span class='ocrx_word' id='word_1_11' title='bbox 1820 523 2073 583; x_wconf 84' lang='lat' dir='ltr'>inermes</span> <span class='ocrx_word' id='word_1_12' title='bbox 2118 536 2339 601; x_wconf 79' lang='lat' dir='ltr'>magna</span> <span class='ocrx_word' id='word_1_13' title='bbox 2367 530 2583 599; x_wconf 75' lang='lat' dir='ltr'>strage</span> <span class='ocrx_word' id='word_1_14' title='bbox 2614 522 2754 583; x_wconf 69' lang='lat' dir='ltr'>affi-</span> 
     </span>
     <span class='ocr_line' id='line_1_4' title="bbox 522 616 2753 703; baseline -0.004 -18"><span class='ocrx_word' id='word_1_15' title='bbox 522 625 717 693; x_wconf 62' lang='lat' dir='ltr'>ciunt:</span> <span class='ocrx_word' id='word_1_16' title='bbox 759 625 974 685; x_wconf 87' lang='lat' dir='ltr'>multos</span> <span class='ocrx_word' id='word_1_17' title='bbox 1001 625 1168 685; x_wconf 77' lang='lat' dir='ltr'>vivos</span> <span class='ocrx_word' id='word_1_18' title='bbox 1195 621 1471 703; x_wconf 72' lang='lat' dir='ltr'>capiuntz</span> <span class='ocrx_word' id='word_1_19' title='bbox 1514 622 1773 701; x_wconf 85' lang='lat' dir='ltr'>reliquos</span> <span class='ocrx_word' id='word_1_20' title='bbox 1814 618 2141 698; x_wconf 87' lang='lat' dir='ltr'>conjiciunt</span> <span class='ocrx_word' id='word_1_21' title='bbox 2184 616 2248 677; x_wconf 83' lang='lat' dir='ltr'>in</span> <span class='ocrx_word' id='word_1_22' title='bbox 2290 617 2527 695; x_wconf 74' lang='lat' dir='ltr'>fugam,</span> <span class='ocrx_word' id='word_1_23' title='bbox 2568 628 2637 679; x_wconf 88' lang='lat' dir='ltr'>et</span> <span class='ocrx_word' id='word_1_24' title='bbox 2668 616 2753 677; x_wconf 81' lang='lat' dir='ltr'>ad</span> 
     </span>
     <span class='ocr_line' id='line_1_5' title="bbox 519 712 2757 799; baseline -0.004 -18"><span class='ocrx_word' id='word_1_25' title='bbox 519 719 958 781; x_wconf 81' lang='lat' dir='ltr'>Taulantiorum</span> <span class='ocrx_word' id='word_1_26' title='bbox 989 738 1178 799; x_wconf 86' lang='lat' dir='ltr'>usque</span> <span class='ocrx_word' id='word_1_27' title='bbox 1207 730 1437 779; x_wconf 85' lang='lat' dir='ltr'>montes</span> <span class='ocrx_word' id='word_1_28' title='bbox 1480 727 1936 799; x_wconf 78' lang='lat' dir='ltr'>persequuntur.</span> <span class='ocrx_word' id='word_1_29' title='bbox 2022 716 2123 773; x_wconf 83' lang='lat'>35.</span> <span class='ocrx_word' id='word_1_30' title='bbox 2168 712 2365 773; x_wconf 84' lang='lat' dir='ltr'>Clitus</span> <span class='ocrx_word' id='word_1_31' title='bbox 2393 712 2450 771; x_wconf 90' lang='lat' dir='ltr'>in</span> <span class='ocrx_word' id='word_1_32' title='bbox 2484 732 2569 773; x_wconf 80' lang='lat' dir='ltr'>ea.</span> <span class='ocrx_word' id='word_1_33' title='bbox 2600 730 2757 773; x_wconf 79' lang='lat' dir='ltr'>eon·</span> 
     </span>
     <span class='ocr_line' id='line_1_6' title="bbox 520 808 2753 895; baseline -0.003 -22"><span class='ocrx_word' id='word_1_34' title='bbox 520 816 882 876; x_wconf 79' lang='lat' dir='ltr'>sternatione</span> <span class='ocrx_word' id='word_1_35' title='bbox 907 816 967 875; x_wconf 86' lang='lat' dir='ltr'>in</span> <span class='ocrx_word' id='word_1_36' title='bbox 995 811 1280 895; x_wconf 86' lang='lat' dir='ltr'>oppidum</span> <span class='ocrx_word' id='word_1_37' title='bbox 1322 811 1549 874; x_wconf 87' lang='lat' dir='ltr'>Pelium</span> <span class='ocrx_word' id='word_1_38' title='bbox 1590 832 1654 872; x_wconf 85' lang='lat' dir='ltr'>se</span> <span class='ocrx_word' id='word_1_39' title='bbox 1694 811 1950 890; x_wconf 77' lang='lat' dir='ltr'>recepit3</span> <span class='ocrx_word' id='word_1_40' title='bbox 1994 808 2211 869; x_wconf 82' lang='lat' dir='ltr'>deinde</span> <span class='ocrx_word' id='word_1_41' title='bbox 2241 808 2367 867; x_wconf 83' lang='lat' dir='ltr'>sive</span> <span class='ocrx_word' id='word_1_42' title='bbox 2394 808 2753 867; x_wconf 84' lang='lat' dir='ltr'>munimen-</span> 
     </span>
     <span class='ocr_line' id='line_1_7' title="bbox 519 900 2757 983; baseline -0.003 -14"><span class='ocrx_word' id='word_1_43' title='bbox 519 909 596 969; x_wconf 82' lang='lat' dir='ltr'>tis</span> <span class='ocrx_word' id='word_1_44' title='bbox 625 910 806 983; x_wconf 84' lang='lat' dir='ltr'>urbis,</span> <span class='ocrx_word' id='word_1_45' title='bbox 846 912 970 971; x_wconf 83' lang='lat' dir='ltr'>sive</span> <span class='ocrx_word' id='word_1_46' title='bbox 1013 928 1253 971; x_wconf 84' lang='lat' dir='ltr'>suorum</span> <span class='ocrx_word' id='word_1_47' title='bbox 1295 908 1511 969; x_wconf 83' lang='lat' dir='ltr'>animis</span> <span class='ocrx_word' id='word_1_48' title='bbox 1538 906 1796 981; x_wconf 86' lang='lat' dir='ltr'>diffisus,</span> <span class='ocrx_word' id='word_1_49' title='bbox 1821 906 2067 967; x_wconf 83' lang='lat' dir='ltr'>incensa</span> <span class='ocrx_word' id='word_1_50' title='bbox 2094 900 2264 977; x_wconf 82' lang='lat' dir='ltr'>urbe,</span> <span class='ocrx_word' id='word_1_51' title='bbox 2290 904 2355 963; x_wconf 86' lang='lat' dir='ltr'>in</span> <span class='ocrx_word' id='word_1_52' title='bbox 2380 904 2757 964; x_wconf 69' lang='lat' dir='ltr'>Taulantios</span> 
     </span>
     <span class='ocr_line' id='line_1_8' title="bbox 520 1005 1016 1067; baseline 0 -2"><span class='ocrx_word' id='word_1_53' title='bbox 520 1005 822 1066; x_wconf 84' lang='lat' dir='ltr'>exulatum</span> <span class='ocrx_word' id='word_1_54' title='bbox 851 1006 1016 1067; x_wconf 84' lang='lat' dir='ltr'>abiit.</span> 
     </span>
    </p>

    <p class='ocr_par' dir='ltr' id='par_1_4' title="bbox 511 1093 2756 3842">
     <span class='ocr_line' id='line_1_9' title="bbox 525 1093 2756 1179; baseline -0.003 -20"><span class='ocrx_word' id='word_1_55' title='bbox 525 1142 532 1147; x_wconf 90' lang='lat'>-</span> <span class='ocrx_word' id='word_1_56' title='bbox 575 1100 776 1167; x_wconf 80' lang='lat' dir='ltr'>xm.</span> <span class='ocrx_word' id='word_1_57' title='bbox 882 1102 936 1160; x_wconf 94' lang='lat' dir='ltr'>l.</span> <span class='ocrx_word' id='word_1_58' title='bbox 1003 1100 1237 1159; x_wconf 77' lang='lat' dir='ltr'>Interea</span> <span class='ocrx_word' id='word_1_59' title='bbox 1287 1116 1390 1179; x_wconf 90' lang='lat' dir='ltr'>per</span> <span class='ocrx_word' id='word_1_60' title='bbox 1443 1098 1783 1159; x_wconf 76' lang='lat' dir='ltr'>universnm</span> <span class='ocrx_word' id='word_1_61' title='bbox 1840 1095 2139 1157; x_wconf 73' lang='lat' dir='ltr'>Graeciam</span> <span class='ocrx_word' id='word_1_62' title='bbox 2194 1093 2447 1154; x_wconf 81' lang='lat' dir='ltr'>diffusus</span> <span class='ocrx_word' id='word_1_63' title='bbox 2512 1112 2756 1165; x_wconf 83' lang='lat' dir='ltr'>rumor,</span> 
     </span>
     <span class='ocr_line' id='line_1_10' title="bbox 522 1189 2755 1268; baseline -0.003 -13"><span class='ocrx_word' id='word_1_64' title='bbox 522 1202 542 1231; x_wconf 76' lang='lat'><strong>⁸</strong></span> <span class='ocrx_word' id='word_1_65' title='bbox 571 1195 978 1257; x_wconf 79' lang='lat' dir='ltr'>Alexandrum</span> <span class='ocrx_word' id='word_1_66' title='bbox 1019 1197 1082 1256; x_wconf 86' lang='lat' dir='ltr'>in</span> <span class='ocrx_word' id='word_1_67' title='bbox 1133 1194 1407 1255; x_wconf 74' lang='lat' dir='ltr'>Triballis</span> <span class='ocrx_word' id='word_1_68' title='bbox 1457 1191 1787 1264; x_wconf 83' lang='lat' dir='ltr'>cecidisse,’</span> <span class='ocrx_word' id='word_1_69' title='bbox 1806 1202 1831 1231; x_wconf 71' lang='lat'><strong>³</strong></span> <span class='ocrx_word' id='word_1_70' title='bbox 1888 1208 2093 1253; x_wconf 87' lang='lat' dir='ltr'>omnes</span> <span class='ocrx_word' id='word_1_71' title='bbox 2148 1189 2565 1251; x_wconf 72' lang='lat' dir='ltr'>Macedonicis</span> <span class='ocrx_word' id='word_1_72' title='bbox 2614 1190 2755 1268; x_wconf 85' lang='lat' dir='ltr'>opi·</span> 
     </span>
     <span class='ocr_line' id='line_1_11' title="bbox 518 1286 2755 1370; baseline -0.003 -20"><span class='ocrx_word' id='word_1_73' title='bbox 518 1292 634 1350; x_wconf 83' lang='lat' dir='ltr'>bus</span> <span class='ocrx_word' id='word_1_74' title='bbox 687 1290 970 1353; x_wconf 76' lang='lat' dir='ltr'>adversos</span> <span class='ocrx_word' id='word_1_75' title='bbox 1011 1292 1073 1351; x_wconf 88' lang='lat' dir='ltr'>in</span> <span class='ocrx_word' id='word_1_76' title='bbox 1118 1310 1284 1370; x_wconf 86' lang='lat' dir='ltr'>spem</span> <span class='ocrx_word' id='word_1_77' title='bbox 1327 1308 1521 1351; x_wconf 83' lang='lat' dir='ltr'>rerum</span> <span class='ocrx_word' id='word_1_78' title='bbox 1566 1287 1971 1349; x_wconf 79' lang='lat' dir='ltr'>novandarum</span> <span class='ocrx_word' id='word_1_79' title='bbox 2022 1287 2229 1347; x_wconf 79' lang='lat' dir='ltr'>erexit.</span> <span class='ocrx_word' id='word_1_80' title='bbox 2328 1289 2389 1347; x_wconf 80' lang='lat'>2.</span> <span class='ocrx_word' id='word_1_81' title='bbox 2449 1286 2546 1345; x_wconf 78' lang='lat' dir='ltr'>En</span> <span class='ocrx_word' id='word_1_82' title='bbox 2584 1304 2755 1362; x_wconf 87' lang='lat' dir='ltr'>quo·</span> 
     </span>
     <span class='ocr_line' id='line_1_12' title="bbox 522 1380 2755 1463; baseline -0.002 -19"><span class='ocrx_word' id='word_1_83' title='bbox 522 1402 638 1462; x_wconf 88' lang='lat' dir='ltr'>que</span> <span class='ocrx_word' id='word_1_84' title='bbox 675 1385 735 1445; x_wconf 87' lang='lat' dir='ltr'>in</span> <span class='ocrx_word' id='word_1_85' title='bbox 784 1387 960 1447; x_wconf 85' lang='lat' dir='ltr'>rebus</span> <span class='ocrx_word' id='word_1_86' title='bbox 1002 1386 1278 1450; x_wconf 81' lang='lat' dir='ltr'>humanis</span> <span class='ocrx_word' id='word_1_87' title='bbox 1307 1384 1471 1445; x_wconf 85' lang='lat' dir='ltr'>haud</span> <span class='ocrx_word' id='word_1_88' title='bbox 1502 1395 1813 1463; x_wconf 83' lang='lat' dir='ltr'>postrema</span> <span class='ocrx_word' id='word_1_89' title='bbox 1834 1383 2145 1445; x_wconf 79' lang='lat' dir='ltr'>calamitas</span> <span class='ocrx_word' id='word_1_90' title='bbox 2168 1390 2285 1455; x_wconf 85' lang='lat' dir='ltr'>est,</span> <span class='ocrx_word' id='word_1_91' title='bbox 2310 1380 2475 1460; x_wconf 85' lang='lat' dir='ltr'>quod</span> <span class='ocrx_word' id='word_1_92' title='bbox 2499 1392 2755 1441; x_wconf 81' lang='lat' dir='ltr'>utcum-</span> 
     </span>
     <span class='ocr_line' id='line_1_13' title="bbox 519 1476 2752 1561; baseline -0.002 -23"><span class='ocrx_word' id='word_1_93' title='bbox 519 1498 638 1557; x_wconf 87' lang='lat' dir='ltr'>que</span> <span class='ocrx_word' id='word_1_94' title='bbox 665 1478 780 1541; x_wconf 82' lang='lat' dir='ltr'>levi</span> <span class='ocrx_word' id='word_1_95' title='bbox 806 1482 1053 1553; x_wconf 81' lang='lat' dir='ltr'>auctori,</span> <span class='ocrx_word' id='word_1_96' title='bbox 1083 1502 1220 1561; x_wconf 75' lang='lat' dir='ltr'>quse</span> <span class='ocrx_word' id='word_1_97' title='bbox 1267 1482 1429 1543; x_wconf 83' lang='lat' dir='ltr'>faeta</span> <span class='ocrx_word' id='word_1_98' title='bbox 1468 1492 1771 1559; x_wconf 84' lang='lat' dir='ltr'>optamus,</span> <span class='ocrx_word' id='word_1_99' title='bbox 1814 1490 1939 1541; x_wconf 83' lang='lat' dir='ltr'>tam</span> <span class='ocrx_word' id='word_1_100' title='bbox 1980 1479 2151 1541; x_wconf 86' lang='lat' dir='ltr'>enixe</span> <span class='ocrx_word' id='word_1_101' title='bbox 2178 1477 2527 1549; x_wconf 84' lang='lat' dir='ltr'>ereduntur,</span> <span class='ocrx_word' id='word_1_102' title='bbox 2560 1476 2752 1555; x_wconf 80' lang='lat' dir='ltr'>quasi</span> 
     </span>
     <span class='ocr_line' id='line_1_14' title="bbox 518 1570 2747 1658; baseline -0.001 -26"><span class='ocrx_word' id='word_1_103' title='bbox 518 1576 750 1635; x_wconf 82' lang='lat' dir='ltr'>veritati</span> <span class='ocrx_word' id='word_1_104' title='bbox 795 1578 912 1637; x_wconf 80' lang='lat' dir='ltr'>vim</span> <span class='ocrx_word' id='word_1_105' title='bbox 959 1577 1166 1639; x_wconf 80' lang='lat' dir='ltr'>afferre</span> <span class='ocrx_word' id='word_1_106' title='bbox 1217 1577 1408 1658; x_wconf 83' lang='lat' dir='ltr'>possit</span> <span class='ocrx_word' id='word_1_107' title='bbox 1446 1578 1717 1656; x_wconf 74' lang='lat' dir='ltr'><strong>pertinax</strong></span> <span class='ocrx_word' id='word_1_108' title='bbox 1758 1586 1822 1637; x_wconf 88' lang='lat' dir='ltr'>et</span> <span class='ocrx_word' id='word_1_109' title='bbox 1859 1575 2169 1655; x_wconf 79' lang='lat' dir='ltr'><strong>impatiens</strong></span> <span class='ocrx_word' id='word_1_110' title='bbox 2209 1572 2460 1633; x_wconf 84' lang='lat' dir='ltr'>rationis</span> <span class='ocrx_word' id='word_1_111' title='bbox 2504 1570 2747 1651; x_wconf 88' lang='lat' dir='ltr'>opinio.</span> 
     </span>
     <span class='ocr_line' id='line_1_15' title="bbox 522 1665 2748 1752; baseline -0.002 -24"><span class='ocrx_word' id='word_1_112' title='bbox 522 1672 578 1728; x_wconf 89' lang='grc'>3.</span> <span class='ocrx_word' id='word_1_113' title='bbox 620 1670 911 1750; x_wconf 75' lang='lat' dir='ltr'>Repertus</span> <span class='ocrx_word' id='word_1_114' title='bbox 939 1683 1037 1733; x_wconf 90' lang='lat' dir='ltr'>est</span> <span class='ocrx_word' id='word_1_115' title='bbox 1065 1674 1165 1752; x_wconf 88' lang='lat' dir='ltr'>qui</span> <span class='ocrx_word' id='word_1_116' title='bbox 1205 1680 1224 1709; x_wconf 85' lang='lat'>‘</span> <span class='ocrx_word' id='word_1_117' title='bbox 1253 1692 1322 1733; x_wconf 81' lang='lat' dir='ltr'>se</span> <span class='ocrx_word' id='word_1_118' title='bbox 1347 1672 1705 1750; x_wconf 75' lang='lat' dir='ltr'>inspiciente</span> <span class='ocrx_word' id='word_1_119' title='bbox 1734 1673 2193 1732; x_wconf 77' lang='lat' dir='ltr'>circumventum</span> <span class='ocrx_word' id='word_1_120' title='bbox 2222 1665 2464 1746; x_wconf 77' lang='lat' dir='ltr'>regem‚&#39;</span> <span class='ocrx_word' id='word_1_121' title='bbox 2496 1678 2587 1737; x_wconf 88' lang='lat' dir='ltr'>et,</span> <span class='ocrx_word' id='word_1_122' title='bbox 2618 1686 2748 1744; x_wconf 86' lang='lat' dir='ltr'>quo</span> 
     </span>
     <span class='ocr_line' id='line_1_16' title="bbox 513 1762 2737 1845; baseline -0 -23"><span class='ocrx_word' id='word_1_123' title='bbox 513 1763 709 1825; x_wconf 84' lang='lat' dir='ltr'>minus</span> <span class='ocrx_word' id='word_1_124' title='bbox 737 1767 1156 1845; x_wconf 83' lang='lat' dir='ltr'>ambigeretur,</span> <span class='ocrx_word' id='word_1_125' title='bbox 1193 1774 1212 1803; x_wconf 85' lang='lat'>‘</span> <span class='ocrx_word' id='word_1_126' title='bbox 1241 1786 1308 1829; x_wconf 83' lang='lat' dir='ltr'>se</span> <span class='ocrx_word' id='word_1_127' title='bbox 1333 1768 1394 1827; x_wconf 86' lang='lat' dir='ltr'>in</span> <span class='ocrx_word' id='word_1_128' title='bbox 1420 1784 1495 1827; x_wconf 81' lang='lat' dir='ltr'>ea</span> <span class='ocrx_word' id='word_1_129' title='bbox 1523 1786 1728 1845; x_wconf 81' lang='lat' dir='ltr'>pugna</span> <span class='ocrx_word' id='word_1_130' title='bbox 1754 1765 2127 1825; x_wconf 76' lang='lat' dir='ltr'>vulneratum</span> <span class='ocrx_word' id='word_1_131' title='bbox 2154 1782 2290 1823; x_wconf 82' lang='lat' dir='ltr'>esse</span> <span class='ocrx_word' id='word_1_132' title='bbox 2308 1762 2327 1787; x_wconf 86' lang='lat'><em>&#39;</em></span> <span class='ocrx_word' id='word_1_133' title='bbox 2368 1762 2737 1823; x_wconf 82' lang='lat' dir='ltr'>affirmaret:</span> 
     </span>
     <span class='ocr_line' id='line_1_17' title="bbox 513 1857 2739 1940; baseline -0.001 -24"><span class='ocrx_word' id='word_1_134' title='bbox 513 1857 576 1917; x_wconf 88' lang='lat' dir='ltr'>id</span> <span class='ocrx_word' id='word_1_135' title='bbox 629 1862 830 1937; x_wconf 83' lang='lat' dir='ltr'>pronis</span> <span class='ocrx_word' id='word_1_136' title='bbox 875 1862 1114 1921; x_wconf 87' lang='lat' dir='ltr'>auribus</span> <span class='ocrx_word' id='word_1_137' title='bbox 1141 1870 1455 1940; x_wconf 77' lang='lat' dir='ltr'>acceptum</span> <span class='ocrx_word' id='word_1_138' title='bbox 1494 1861 1939 1939; x_wconf 69' lang='lat' dir='ltr'>vulgatumque,</span> <span class='ocrx_word' id='word_1_139' title='bbox 1966 1860 2270 1921; x_wconf 77' lang='lat' dir='ltr'>civitatum</span> <span class='ocrx_word' id='word_1_140' title='bbox 2297 1858 2739 1919; x_wconf 73' lang='lat' dir='ltr'>Thebanorum</span> 
     </span>
     <span class='ocr_line' id='line_1_18' title="bbox 515 1951 2743 2033; baseline -0.003 -17"><span class='ocrx_word' id='word_1_141' title='bbox 515 1962 793 2016; x_wconf 67' lang='lat' dir='ltr'>extremm</span> <span class='ocrx_word' id='word_1_142' title='bbox 841 1954 1197 2015; x_wconf 69' lang='lat' dir='ltr'>calamitatis</span> <span class='ocrx_word' id='word_1_143' title='bbox 1242 1954 1474 2015; x_wconf 85' lang='lat' dir='ltr'>initium</span> <span class='ocrx_word' id='word_1_144' title='bbox 1520 1954 1733 2015; x_wconf 80' lang='lat' dir='ltr'>extitit.</span> <span class='ocrx_word' id='word_1_145' title='bbox 1816 1958 1879 2013; x_wconf 89' lang='lat'>4.</span> <span class='ocrx_word' id='word_1_146' title='bbox 1922 1954 2158 2033; x_wconf 81' lang='lat' dir='ltr'>Quippe</span> <span class='ocrx_word' id='word_1_147' title='bbox 2198 1972 2280 2013; x_wconf 86' lang='lat' dir='ltr'>eo</span> <span class='ocrx_word' id='word_1_148' title='bbox 2306 1953 2519 2013; x_wconf 80' lang='lat' dir='ltr'>nuntio</span> <span class='ocrx_word' id='word_1_149' title='bbox 2550 1951 2743 2013; x_wconf 82' lang='lat' dir='ltr'>exciti</span> 
     </span>
     <span class='ocr_line' id='line_1_19' title="bbox 521 2046 2747 2131; baseline -0.001 -24"><span class='ocrx_word' id='word_1_150' title='bbox 521 2046 765 2125; x_wconf 84' lang='lat' dir='ltr'>quidam</span> <span class='ocrx_word' id='word_1_151' title='bbox 793 2049 1056 2121; x_wconf 77' lang='lat' dir='ltr'>exulum,</span> <span class='ocrx_word' id='word_1_152' title='bbox 1071 2068 1226 2127; x_wconf 81' lang='lat' dir='ltr'>quos</span> <span class='ocrx_word' id='word_1_153' title='bbox 1254 2067 1291 2108; x_wconf 84' lang='lat' dir='ltr'>a</span> <span class='ocrx_word' id='word_1_154' title='bbox 1315 2048 1597 2131; x_wconf 75' lang='lat' dir='ltr'>Philippo</span> <span class='ocrx_word' id='word_1_155' title='bbox 1625 2048 1848 2128; x_wconf 84' lang='lat' dir='ltr'>ejectos</span> <span class='ocrx_word' id='word_1_156' title='bbox 1870 2047 2148 2120; x_wconf 78' lang='lat' dir='ltr'>diximus,</span> <span class='ocrx_word' id='word_1_157' title='bbox 2171 2047 2424 2109; x_wconf 84' lang='lat' dir='ltr'>ducibus</span> <span class='ocrx_word' id='word_1_158' title='bbox 2444 2046 2747 2107; x_wconf 82' lang='lat' dir='ltr'>Phoenice</span> 
     </span>
     <span class='ocr_line' id='line_1_20' title="bbox 511 2142 2741 2225; baseline -0.001 -22"><span class='ocrx_word' id='word_1_159' title='bbox 511 2144 584 2203; x_wconf 71' lang='lat' dir='ltr'>‘et</span> <span class='ocrx_word' id='word_1_160' title='bbox 611 2142 920 2224; x_wconf 74' lang='lat' dir='ltr'>Prothyte,</span> <span class='ocrx_word' id='word_1_161' title='bbox 945 2145 1256 2222; x_wconf 61' lang='lat' dir='ltr'>prefectos</span> <span class='ocrx_word' id='word_1_162' title='bbox 1277 2142 1681 2205; x_wconf 83' lang='lat' dir='ltr'>Macedonum</span> <span class='ocrx_word' id='word_1_163' title='bbox 1708 2144 1811 2222; x_wconf 83' lang='lat' dir='ltr'>qui</span> <span class='ocrx_word' id='word_1_164' title='bbox 1838 2142 2165 2203; x_wconf 79' lang='lat' dir='ltr'>Cadmeam</span> <span class='ocrx_word' id='word_1_165' title='bbox 2192 2143 2563 2225; x_wconf 69' lang='lat' dir='ltr'>obtinebunt,</span> <span class='ocrx_word' id='word_1_166' title='bbox 2596 2158 2741 2203; x_wconf 82' lang='lat' dir='ltr'>oum</span> 
     </span>
     <span class='ocr_line' id='line_1_21' title="bbox 521 2236 2746 2318; baseline -0.004 -15"><span class='ocrx_word' id='word_1_167' title='bbox 521 2236 688 2303; x_wconf 79' lang='lat' dir='ltr'>nulla</span> <span class='ocrx_word' id='word_1_168' title='bbox 723 2237 848 2299; x_wconf 88' lang='lat' dir='ltr'>doli</span> <span class='ocrx_word' id='word_1_169' title='bbox 889 2238 1228 2318; x_wconf 70' lang='lat' dir='ltr'>suspicione</span> <span class='ocrx_word' id='word_1_170' title='bbox 1259 2248 1428 2299; x_wconf 84' lang='lat' dir='ltr'>extra</span> <span class='ocrx_word' id='word_1_171' title='bbox 1462 2256 1659 2299; x_wconf 78' lang='lat' dir='ltr'>arcem</span> <span class='ocrx_word' id='word_1_172' title='bbox 1703 2239 2005 2318; x_wconf 71' lang='lat' dir='ltr'>progressi</span> <span class='ocrx_word' id='word_1_173' title='bbox 2044 2248 2270 2311; x_wconf 88' lang='lat' dir='ltr'>essent,</span> <span class='ocrx_word' id='word_1_174' title='bbox 2294 2240 2746 2299; x_wconf 69' lang='lat' dir='ltr'>obtruncantzl’</span> 
     </span>
     <span class='ocr_line' id='line_1_22' title="bbox 522 2332 2739 2415; baseline -0.001 -21"><span class='ocrx_word' id='word_1_175' title='bbox 522 2332 748 2396; x_wconf 76' lang='lat' dir='ltr'>civibus</span> <span class='ocrx_word' id='word_1_176' title='bbox 777 2334 854 2397; x_wconf 84' lang='lat' dir='ltr'>ad</span> <span class='ocrx_word' id='word_1_177' title='bbox 883 2334 1216 2415; x_wconf 83' lang='lat' dir='ltr'>speciosum</span> <span class='ocrx_word' id='word_1_178' title='bbox 1245 2334 1569 2398; x_wconf 68' lang='lat' dir='ltr'>liberandae</span> <span class='ocrx_word' id='word_1_179' title='bbox 1604 2334 1812 2414; x_wconf 78' lang='lat' dir='ltr'>patriae</span> <span class='ocrx_word' id='word_1_180' title='bbox 1842 2333 2077 2396; x_wconf 82' lang='lat' dir='ltr'>titulum</span> <span class='ocrx_word' id='word_1_181' title='bbox 2106 2346 2345 2396; x_wconf 80' lang='lat' dir='ltr'>strenue</span> <span class='ocrx_word' id='word_1_182' title='bbox 2368 2352 2739 2395; x_wconf 82' lang='lat' dir='ltr'>concurren-</span> 
     </span>
     <span class='ocr_line' id='line_1_23' title="bbox 521 2429 2741 2511; baseline -0.001 -21"><span class='ocrx_word' id='word_1_183' title='bbox 521 2431 702 2504; x_wconf 85' lang='lat' dir='ltr'>tibus,</span> <span class='ocrx_word' id='word_1_184' title='bbox 726 2433 1067 2511; x_wconf 63' lang='lat' dir='ltr'>praesidium</span> <span class='ocrx_word' id='word_1_185' title='bbox 1093 2431 1447 2501; x_wconf 73' lang='lat' dir='ltr'>obsident3⁶</span> <span class='ocrx_word' id='word_1_186' title='bbox 1472 2444 1535 2492; x_wconf 87' lang='lat' dir='ltr'>et</span> <span class='ocrx_word' id='word_1_187' title='bbox 1560 2429 1783 2511; x_wconf 84' lang='lat' dir='ltr'>duplici</span> <span class='ocrx_word' id='word_1_188' title='bbox 1812 2431 1973 2492; x_wconf 83' lang='lat' dir='ltr'>vallo</span> <span class='ocrx_word' id='word_1_189' title='bbox 2002 2433 2305 2510; x_wconf 79' lang='lat' dir='ltr'>fossaque,</span> <span class='ocrx_word' id='word_1_190' title='bbox 2330 2449 2409 2488; x_wconf 86' lang='lat' dir='ltr'>ne</span> <span class='ocrx_word' id='word_1_191' title='bbox 2434 2447 2741 2490; x_wconf 85' lang='lat' dir='ltr'>commea·</span> 
     </span>
     <span class='ocr_line' id='line_1_24' title="bbox 521 2525 2738 2607; baseline 0 -23"><span class='ocrx_word' id='word_1_192' title='bbox 521 2539 618 2594; x_wconf 74' lang='lat' dir='ltr'>tus</span> <span class='ocrx_word' id='word_1_193' title='bbox 662 2540 765 2590; x_wconf 78' lang='lat' dir='ltr'>aut</span> <span class='ocrx_word' id='word_1_194' title='bbox 805 2527 1026 2588; x_wconf 78' lang='lat' dir='ltr'>auxilia</span> <span class='ocrx_word' id='word_1_195' title='bbox 1059 2529 1324 2590; x_wconf 83' lang='lat' dir='ltr'>submitti</span> <span class='ocrx_word' id='word_1_196' title='bbox 1365 2539 1639 2607; x_wconf 81' lang='lat' dir='ltr'>possent,</span> <span class='ocrx_word' id='word_1_197' title='bbox 1664 2527 2059 2590; x_wconf 82' lang='lat' dir='ltr'>circumdant.</span> <span class='ocrx_word' id='word_1_198' title='bbox 2139 2531 2201 2586; x_wconf 85' lang='lat'>5.</span> <span class='ocrx_word' id='word_1_199' title='bbox 2242 2526 2488 2605; x_wconf 75' lang='lat' dir='ltr'>Legatis</span> <span class='ocrx_word' id='word_1_200' title='bbox 2508 2525 2738 2604; x_wconf 78' lang='lat' dir='ltr'>deinde</span> 
     </span>
     <span class='ocr_line' id='line_1_25' title="bbox 521 2620 2741 2700; baseline 0 -20"><span class='ocrx_word' id='word_1_201' title='bbox 521 2622 855 2700; x_wconf 75' lang='lat' dir='ltr'>supplicum</span> <span class='ocrx_word' id='word_1_202' title='bbox 905 2623 1110 2684; x_wconf 82' lang='lat' dir='ltr'>habitu</span> <span class='ocrx_word' id='word_1_203' title='bbox 1159 2624 1383 2684; x_wconf 78' lang='lat' dir='ltr'>citcum</span> <span class='ocrx_word' id='word_1_204' title='bbox 1428 2623 1703 2683; x_wconf 78' lang='lat' dir='ltr'>civitates</span> <span class='ocrx_word' id='word_1_205' title='bbox 1750 2622 2005 2682; x_wconf 74' lang='lat' dir='ltr'>Groeeioe</span> <span class='ocrx_word' id='word_1_206' title='bbox 2050 2620 2248 2682; x_wconf 82' lang='lat' dir='ltr'>missis</span> <span class='ocrx_word' id='word_1_207' title='bbox 2294 2621 2563 2692; x_wconf 85' lang='lat' dir='ltr'>orabant,</span> <span class='ocrx_word' id='word_1_208' title='bbox 2612 2629 2629 2658; x_wconf 77' lang='lat'>⁸</span> <span class='ocrx_word' id='word_1_209' title='bbox 2662 2639 2741 2680; x_wconf 88' lang='lat' dir='ltr'>ne</span> 
     </span>
     <span class='ocr_line' id='line_1_26' title="bbox 525 2716 2739 2798; baseline -0.001 -20"><span class='ocrx_word' id='word_1_210' title='bbox 525 2716 736 2778; x_wconf 80' lang='lat' dir='ltr'>deesse</span> <span class='ocrx_word' id='word_1_211' title='bbox 783 2718 1006 2778; x_wconf 79' lang='lat' dir='ltr'>vellent</span> <span class='ocrx_word' id='word_1_212' title='bbox 1045 2717 1290 2796; x_wconf 73' lang='lat' dir='ltr'>indigne</span> <span class='ocrx_word' id='word_1_213' title='bbox 1321 2729 1583 2798; x_wconf 81' lang='lat' dir='ltr'>ereptam</span> <span class='ocrx_word' id='word_1_214' title='bbox 1611 2717 1945 2778; x_wconf 73' lang='lat' dir='ltr'>libertatem</span> <span class='ocrx_word' id='word_1_215' title='bbox 1972 2716 2417 2796; x_wconf 84' lang='lat' dir='ltr'>repetentibus.’</span> <span class='ocrx_word' id='word_1_216' title='bbox 2496 2717 2579 2776; x_wconf 81' lang='lat' dir='ltr'>Et</span> <span class='ocrx_word' id='word_1_217' title='bbox 2610 2717 2739 2776; x_wconf 85' lang='lat' dir='ltr'>De·</span> 
     </span>
     <span class='ocr_line' id='line_1_27' title="bbox 523 2812 2737 2894; baseline 0 -22"><span class='ocrx_word' id='word_1_218' title='bbox 523 2813 868 2876; x_wconf 81' lang='lat' dir='ltr'>mosthenes</span> <span class='ocrx_word' id='word_1_219' title='bbox 896 2814 1136 2894; x_wconf 84' lang='lat' dir='ltr'>quidem</span> <span class='ocrx_word' id='word_1_220' title='bbox 1163 2816 1347 2876; x_wconf 80' lang='lat' dir='ltr'>veteri</span> <span class='ocrx_word' id='word_1_221' title='bbox 1373 2815 1433 2876; x_wconf 92' lang='lat' dir='ltr'>in</span> <span class='ocrx_word' id='word_1_222' title='bbox 1465 2813 1837 2876; x_wconf 82' lang='lat' dir='ltr'>Macedonas</span> <span class='ocrx_word' id='word_1_223' title='bbox 1880 2812 2019 2874; x_wconf 91' lang='lat' dir='ltr'>odio</span> <span class='ocrx_word' id='word_1_224' title='bbox 2060 2813 2457 2872; x_wconf 74' lang='lat' dir='ltr'>Athenienses</span> <span class='ocrx_word' id='word_1_225' title='bbox 2494 2831 2737 2892; x_wconf 88' lang='lat' dir='ltr'>permo-</span> 
     </span>
     <span class='ocr_line' id='line_1_28' title="bbox 519 2905 2735 2990; baseline 0 -22"><span class='ocrx_word' id='word_1_226' title='bbox 519 2905 656 2982; x_wconf 76' lang='lat' dir='ltr'>vit‚‘¹</span> <span class='ocrx_word' id='word_1_227' title='bbox 696 2919 764 2972; x_wconf 79' lang='lat' dir='ltr'>nt</span> <span class='ocrx_word' id='word_1_228' title='bbox 803 2911 1025 2972; x_wconf 80' lang='lat' dir='ltr'>auxilia</span> <span class='ocrx_word' id='word_1_229' title='bbox 1065 2921 1294 2990; x_wconf 82' lang='lat' dir='ltr'>promte</span> <span class='ocrx_word' id='word_1_230' title='bbox 1335 2910 1757 2974; x_wconf 73' lang='lat' dir='ltr'>decernerent:</span> <span class='ocrx_word' id='word_1_231' title='bbox 1802 2909 1987 2968; x_wconf 83' lang='lat' dir='ltr'>missa</span> <span class='ocrx_word' id='word_1_232' title='bbox 2016 2919 2216 2968; x_wconf 84' lang='lat' dir='ltr'>tamen</span> <span class='ocrx_word' id='word_1_233' title='bbox 2246 2927 2365 2968; x_wconf 88' lang='lat' dir='ltr'>non</span> <span class='ocrx_word' id='word_1_234' title='bbox 2394 2919 2555 2980; x_wconf 84' lang='lat' dir='ltr'>sunt,</span> <span class='ocrx_word' id='word_1_235' title='bbox 2587 2909 2735 2988; x_wconf 84' lang='lat' dir='ltr'>quia</span> 
     </span>
     <span class='ocr_line' id='line_1_29' title="bbox 523 3005 2735 3086; baseline -0.002 -17"><span class='ocrx_word' id='word_1_236' title='bbox 523 3005 726 3069; x_wconf 79' lang='lat' dir='ltr'>subito</span> <span class='ocrx_word' id='word_1_237' title='bbox 753 3007 1078 3066; x_wconf 72' lang='lat' dir='ltr'>Alexandri</span> <span class='ocrx_word' id='word_1_238' title='bbox 1121 3009 1381 3068; x_wconf 81' lang='lat' dir='ltr'>adventu</span> <span class='ocrx_word' id='word_1_239' title='bbox 1423 3006 1713 3086; x_wconf 81' lang='lat' dir='ltr'>perculsis</span> <span class='ocrx_word' id='word_1_240' title='bbox 1742 3005 2111 3086; x_wconf 81' lang='lat' dir='ltr'>expectanda</span> <span class='ocrx_word' id='word_1_241' title='bbox 2140 3005 2397 3066; x_wconf 58' lang='lat' dir='ltr'>fortunas</span> <span class='ocrx_word' id='word_1_242' title='bbox 2424 3005 2735 3066; x_wconf 74' lang='lat' dir='ltr'>inclinatio</span> 
     </span>
     <span class='ocr_line' id='line_1_30' title="bbox 522 3098 2735 3181; baseline -0.001 -19"><span class='ocrx_word' id='word_1_243' title='bbox 522 3098 853 3162; x_wconf 68' lang='lat' dir='ltr'>ridebatur.</span> <span class='ocrx_word' id='word_1_244' title='bbox 957 3102 1015 3160; x_wconf 90' lang='lat'>6.</span> <span class='ocrx_word' id='word_1_245' title='bbox 1073 3101 1512 3164; x_wconf 77' lang='lat' dir='ltr'>Demosthenes</span> <span class='ocrx_word' id='word_1_246' title='bbox 1562 3103 1807 3181; x_wconf 81' lang='lat' dir='ltr'>privatis</span> <span class='ocrx_word' id='word_1_247' title='bbox 1860 3103 2048 3181; x_wconf 81' lang='lat' dir='ltr'>copiis</span> <span class='ocrx_word' id='word_1_248' title='bbox 2109 3100 2426 3162; x_wconf 77' lang='lat' dir='ltr'>Thebanos</span> <span class='ocrx_word' id='word_1_249' title='bbox 2482 3099 2735 3179; x_wconf 78' lang='lat' dir='ltr'>adjuvit,</span> 
     </span>
     <span class='ocr_line' id='line_1_31' title="bbox 523 3196 2733 3277; baseline 0 -22"><span class='ocrx_word' id='word_1_250' title='bbox 523 3209 930 3273; x_wconf 78' lang='lat' dir='ltr'>magnumque</span> <span class='ocrx_word' id='word_1_251' title='bbox 981 3215 1280 3258; x_wconf 80' lang='lat' dir='ltr'>armorum</span> <span class='ocrx_word' id='word_1_252' title='bbox 1333 3217 1641 3259; x_wconf 86' lang='lat' dir='ltr'>numerum</span> <span class='ocrx_word' id='word_1_253' title='bbox 1697 3199 1881 3277; x_wconf 79' lang='lat' dir='ltr'>gratis</span> <span class='ocrx_word' id='word_1_254' title='bbox 1938 3196 2401 3258; x_wconf 81' lang='lat' dir='ltr'>subministravit</span> <span class='ocrx_word' id='word_1_255' title='bbox 2418 3204 2473 3259; x_wconf 63' lang='grc' dir='ltr'>,τ’</span> <span class='ocrx_word' id='word_1_256' title='bbox 2508 3199 2733 3276; x_wconf 85' lang='lat' dir='ltr'>quibus</span> 
     </span>
     <span class='ocr_line' id='line_1_32' title="bbox 523 3290 2731 3372; baseline 0.002 -25"><span class='ocrx_word' id='word_1_257' title='bbox 523 3290 838 3366; x_wconf 73' lang='lat' dir='ltr'>perarmati</span> <span class='ocrx_word' id='word_1_258' title='bbox 863 3291 967 3368; x_wconf 88' lang='lat' dir='ltr'>qui</span> <span class='ocrx_word' id='word_1_259' title='bbox 996 3291 1272 3372; x_wconf 82' lang='lat' dir='ltr'>Philippo</span> <span class='ocrx_word' id='word_1_260' title='bbox 1297 3293 1599 3355; x_wconf 76' lang='lat' dir='ltr'>adimente</span> <span class='ocrx_word' id='word_1_261' title='bbox 1620 3313 1731 3355; x_wconf 84' lang='lat' dir='ltr'>sua</span> <span class='ocrx_word' id='word_1_262' title='bbox 1752 3294 2092 3365; x_wconf 84' lang='lat' dir='ltr'>amiserant,</span> <span class='ocrx_word' id='word_1_263' title='bbox 2114 3292 2397 3353; x_wconf 73' lang='lat' dir='ltr'>Cadmeae</span> <span class='ocrx_word' id='word_1_264' title='bbox 2416 3294 2731 3372; x_wconf 64' lang='lat' dir='ltr'>presidia-</span> 
     </span>
     <span class='ocr_line' id='line_1_33' title="bbox 527 3384 2731 3470; baseline 0.002 -24"><span class='ocrx_word' id='word_1_265' title='bbox 527 3384 626 3446; x_wconf 83' lang='lat' dir='ltr'>riis</span> <span class='ocrx_word' id='word_1_266' title='bbox 655 3385 867 3450; x_wconf 78' lang='lat' dir='ltr'>acriter</span> <span class='ocrx_word' id='word_1_267' title='bbox 897 3386 1258 3449; x_wconf 84' lang='lat' dir='ltr'>institerunt.</span> <span class='ocrx_word' id='word_1_268' title='bbox 1346 3392 1402 3450; x_wconf 86' lang='grc'>7.</span> <span class='ocrx_word' id='word_1_269' title='bbox 1434 3389 2003 3470; x_wconf 83' lang='lat' dir='ltr'>Peloponnesiorum</span> <span class='ocrx_word' id='word_1_270' title='bbox 2030 3389 2195 3450; x_wconf 82' lang='lat' dir='ltr'>haud</span> <span class='ocrx_word' id='word_1_271' title='bbox 2224 3389 2487 3450; x_wconf 80' lang='lat' dir='ltr'>invalida</span> <span class='ocrx_word' id='word_1_272' title='bbox 2512 3409 2731 3452; x_wconf 87' lang='lat' dir='ltr'>manus</span> 
     </span>
     <span class='ocr_line' id='line_1_34' title="bbox 523 3481 2727 3566; baseline 0.001 -22"><span class='ocrx_word' id='word_1_273' title='bbox 523 3481 600 3544; x_wconf 74' lang='lat' dir='ltr'>sd</span> <span class='ocrx_word' id='word_1_274' title='bbox 627 3482 918 3544; x_wconf 80' lang='lat' dir='ltr'>Isthmum</span> <span class='ocrx_word' id='word_1_275' title='bbox 948 3481 1376 3546; x_wconf 48' lang='lat' dir='ltr'>convenerat?</span> <span class='ocrx_word' id='word_1_276' title='bbox 1411 3485 1495 3546; x_wconf 80' lang='lat' dir='ltr'>ad</span> <span class='ocrx_word' id='word_1_277' title='bbox 1532 3506 1687 3566; x_wconf 87' lang='lat' dir='ltr'>quos</span> <span class='ocrx_word' id='word_1_278' title='bbox 1724 3507 1861 3548; x_wconf 85' lang='lat' dir='ltr'>oum</span> <span class='ocrx_word' id='word_1_279' title='bbox 1904 3486 2237 3564; x_wconf 84' lang='lat' dir='ltr'>Antipater,</span> <span class='ocrx_word' id='word_1_280' title='bbox 2266 3503 2445 3564; x_wconf 82' lang='lat' dir='ltr'>quem</span> <span class='ocrx_word' id='word_1_281' title='bbox 2470 3484 2727 3556; x_wconf 83' lang='lat' dir='ltr'>interim,</span> 
     </span>
     <span class='ocr_line' id='line_1_35' title="bbox 521 3577 2727 3662; baseline 0 -22"><span class='ocrx_word' id='word_1_282' title='bbox 521 3577 666 3640; x_wconf 82' lang='lat' dir='ltr'>dum</span> <span class='ocrx_word' id='word_1_283' title='bbox 705 3579 959 3651; x_wconf 77' lang='lat' dir='ltr'>abesset,</span> <span class='ocrx_word' id='word_1_284' title='bbox 1003 3579 1378 3641; x_wconf 61' lang='lat' dir='ltr'>Macedoniae</span> <span class='ocrx_word' id='word_1_285' title='bbox 1418 3582 1769 3662; x_wconf 71' lang='lat' dir='ltr'>praefecerat</span> <span class='ocrx_word' id='word_1_286' title='bbox 1814 3601 1937 3652; x_wconf 84' lang='lat' dir='ltr'>rex,</span> <span class='ocrx_word' id='word_1_287' title='bbox 1982 3581 2244 3641; x_wconf 83' lang='lat' dir='ltr'>misisset</span> <span class='ocrx_word' id='word_1_288' title='bbox 2280 3581 2552 3659; x_wconf 81' lang='lat' dir='ltr'>petitum,</span> <span class='ocrx_word' id='word_1_289' title='bbox 2596 3592 2615 3618; x_wconf 90' lang='lat'>‘</span> <span class='ocrx_word' id='word_1_290' title='bbox 2652 3601 2727 3642; x_wconf 87' lang='lat' dir='ltr'>ne</span> 
     </span>
     <span class='ocr_line' id='line_1_36' title="bbox 517 3676 2723 3757; baseline 0 -21"><span class='ocrx_word' id='word_1_291' title='bbox 517 3687 729 3736; x_wconf 77' lang='lat' dir='ltr'>eontra</span> <span class='ocrx_word' id='word_1_292' title='bbox 753 3693 1060 3738; x_wconf 80' lang='lat' dir='ltr'>eommune</span> <span class='ocrx_word' id='word_1_293' title='bbox 1089 3677 1342 3738; x_wconf 75' lang='lat' dir='ltr'>Groecioe</span> <span class='ocrx_word' id='word_1_294' title='bbox 1371 3677 1677 3739; x_wconf 74' lang='lat' dir='ltr'>deci-euim</span> <span class='ocrx_word' id='word_1_295' title='bbox 1704 3697 1839 3738; x_wconf 87' lang='lat' dir='ltr'>cum</span> <span class='ocrx_word' id='word_1_296' title='bbox 1866 3677 2149 3757; x_wconf 77' lang='lat' dir='ltr'>professis</span> <span class='ocrx_word' id='word_1_297' title='bbox 2178 3676 2505 3737; x_wconf 79' lang='lat' dir='ltr'>Alexandri</span> <span class='ocrx_word' id='word_1_298' title='bbox 2534 3677 2723 3738; x_wconf 78' lang='lat' dir='ltr'>hosti·</span> 
     </span>
     <span class='ocr_line' id='line_1_37' title="bbox 521 3771 2725 3842; baseline 0.003 -12"><span class='ocrx_word' id='word_1_299' title='bbox 521 3772 634 3830; x_wconf 82' lang='lat' dir='ltr'>bns</span> <span class='ocrx_word' id='word_1_300' title='bbox 671 3771 922 3832; x_wconf 81' lang='lat' dir='ltr'>consilia</span> <span class='ocrx_word' id='word_1_301' title='bbox 969 3772 1286 3834; x_wconf 84' lang='lat' dir='ltr'>miscerent</span> <span class='ocrx_word' id='word_1_302' title='bbox 1301 3775 1340 3842; x_wconf 71' lang='grc' dir='ltr'>ς’</span> <span class='ocrx_word' id='word_1_303' title='bbox 1381 3775 1765 3836; x_wconf 78' lang='lat' dir='ltr'>nihilominus</span> <span class='ocrx_word' id='word_1_304' title='bbox 1793 3775 2207 3836; x_wconf 84' lang='lat' dir='ltr'>Thebanorum</span> <span class='ocrx_word' id='word_1_305' title='bbox 2237 3783 2505 3834; x_wconf 85' lang='lat' dir='ltr'>oratores</span> <span class='ocrx_word' id='word_1_306' title='bbox 2533 3774 2725 3836; x_wconf 82' lang='lat' dir='ltr'>admi·</span> 
     </span>
    </p>
   </div>
   <div class='ocr_carea' id='block_1_4' title="bbox 523 3949 2719 4166">
    <p class='ocr_par' dir='ltr' id='par_1_5' title="bbox 523 3949 2719 4166">
     <span class='ocr_line' id='line_1_38' title="bbox 523 3949 2719 4016; baseline 0.002 -21"><span class='ocrx_word' id='word_1_307' title='bbox 523 3993 532 4006; x_wconf 75' lang='grc'><strong><em>,</em></strong></span> <span class='ocrx_word' id='word_1_308' title='bbox 585 3953 608 3978; x_wconf 81' lang='lat'>⁸</span> <span class='ocrx_word' id='word_1_309' title='bbox 641 3949 849 4000; x_wconf 74' lang='lat' dir='ltr'>Aru-ian.</span> <span class='ocrx_word' id='word_1_310' title='bbox 871 3965 910 4002; x_wconf 74' lang='lat' dir='ltr'>r.</span> <span class='ocrx_word' id='word_1_311' title='bbox 932 3955 981 4002; x_wconf 82' lang='grc'>7.</span> <span class='ocrx_word' id='word_1_312' title='bbox 1001 3951 1196 4005; x_wconf 72' lang='lat' dir='ltr'>sustin.</span> <span class='ocrx_word' id='word_1_313' title='bbox 1219 3966 1304 4004; x_wconf 79' lang='lat'>11.</span> <span class='ocrx_word' id='word_1_314' title='bbox 1327 3957 1380 4004; x_wconf 81' lang='grc'>2.</span> <span class='ocrx_word' id='word_1_315' title='bbox 1403 3957 1455 4003; x_wconf 85' lang='grc'>8.</span> <span class='ocrx_word' id='word_1_316' title='bbox 1730 3961 1753 3986; x_wconf 75' lang='lat'><em>⁰</em></span> <span class='ocrx_word' id='word_1_317' title='bbox 1778 3954 1923 4004; x_wconf 82' lang='lat' dir='ltr'>Plut.</span> <span class='ocrx_word' id='word_1_318' title='bbox 1968 3953 2235 4004; x_wconf 81' lang='lat' dir='ltr'>Demosth.</span> <span class='ocrx_word' id='word_1_319' title='bbox 2288 3967 2344 4016; x_wconf 83' lang='lat' dir='ltr'>p.</span> <span class='ocrx_word' id='word_1_320' title='bbox 2402 3955 2520 4004; x_wconf 76' lang='lat'>856.</span> <span class='ocrx_word' id='word_1_321' title='bbox 2564 3951 2719 4002; x_wconf 83' lang='lat' dir='ltr'>Diod.</span> 
     </span>
     <span class='ocr_line' id='line_1_39' title="bbox 589 4023 2018 4092; baseline 0.002 -20"><span class='ocrx_word' id='word_1_322' title='bbox 589 4023 616 4057; x_wconf 77' lang='lat'>¹²</span> <span class='ocrx_word' id='word_1_323' title='bbox 648 4023 858 4077; x_wconf 81' lang='lat' dir='ltr'>Arrisn.</span> <span class='ocrx_word' id='word_1_324' title='bbox 881 4029 913 4076; x_wconf 88' lang='lat' dir='ltr'>l.</span> <span class='ocrx_word' id='word_1_325' title='bbox 935 4029 967 4077; x_wconf 88' lang='lat' dir='ltr'>l.</span> <span class='ocrx_word' id='word_1_326' title='bbox 1667 4041 1806 4078; x_wconf 83' lang='lat' dir='ltr'>xvn.</span> <span class='ocrx_word' id='word_1_327' title='bbox 1830 4043 1880 4092; x_wconf 88' lang='lat' dir='ltr'>p.</span> <span class='ocrx_word' id='word_1_328' title='bbox 1906 4031 2018 4080; x_wconf 75' lang='lat'>⁶65.</span> 
     </span>
     <span class='ocr_line' id='line_1_40' title="bbox 523 4097 2512 4166; baseline 0.004 -20"><span class='ocrx_word' id='word_1_329' title='bbox 523 4109 534 4121; x_wconf 90' lang='lat'><strong>·</strong></span> <span class='ocrx_word' id='word_1_330' title='bbox 584 4105 606 4130; x_wconf 59' lang='grc' dir='ltr'><strong><em>ὲ</em></strong></span> <span class='ocrx_word' id='word_1_331' title='bbox 637 4097 794 4148; x_wconf 84' lang='lat' dir='ltr'>Diod.</span> <span class='ocrx_word' id='word_1_332' title='bbox 816 4101 922 4151; x_wconf 82' lang='lat' dir='ltr'>Sic.</span> <span class='ocrx_word' id='word_1_333' title='bbox 943 4113 1088 4152; x_wconf 76' lang='lat' dir='ltr'>xvir.</span> <span class='ocrx_word' id='word_1_334' title='bbox 1113 4117 1165 4166; x_wconf 84' lang='lat' dir='ltr'>p.</span> <span class='ocrx_word' id='word_1_335' title='bbox 1185 4108 1296 4153; x_wconf 74' lang='lat'>460.</span> <span class='ocrx_word' id='word_1_336' title='bbox 1726 4101 1751 4136; x_wconf 68' lang='lat' dir='ltr'>f</span> <span class='ocrx_word' id='word_1_337' title='bbox 1774 4103 2022 4154; x_wconf 77' lang='lat' dir='ltr'>Dinarch.</span> <span class='ocrx_word' id='word_1_338' title='bbox 2048 4109 2216 4153; x_wconf 86' lang='lat' dir='ltr'>contr.</span> <span class='ocrx_word' id='word_1_339' title='bbox 2238 4099 2512 4153; x_wconf 75' lang='lat' dir='ltr'>Demostfi.</span> 
     </span>
    </p>
   </div>
   <div class='ocr_carea' id='block_1_5' title="bbox 481 4171 837 4240">
    <p class='ocr_par' dir='ltr' id='par_1_6' title="bbox 481 4171 837 4240">
     <span class='ocr_line' id='line_1_41' title="bbox 481 4171 837 4240; baseline 0.008 -17"><span class='ocrx_word' id='word_1_340' title='bbox 481 4171 837 4240; x_wconf 43' lang='lat' dir='ltr'>,Alea-1.</span> 
     </span>
    </p>
   </div>
  </div>
 </body>
</html>
