2858 4782
633 371 896 434 suern.
943 383 1024 433 m
1073 387 1143 446 Q.
1191 383 1539 446 cunnum
1593 386 1735 435 ma.
1781 387 1829 435 1.
2190 422 2193 429 .
2237 373 2327 442 97

133 543 256 586 rum
283 523 464 586 lneus
489 531 620 586 est:
663 543 738 585 eo
756 545 894 586 curn
920 526 1258 588 Alexander
1285 525 1528 589 videndi
1552 527 1682 606 ejus
1711 526 2005 590 desiderio
2030 529 2331 601 venisset,¹

133 621 554 700 optionemque
580 621 822 694 faceret,
847 628 866 658 ⁴
896 641 1032 701 quse
1051 622 1252 695 vellet,
1281 625 1358 683 ab
1385 623 1515 703 ipso
1542 623 1783 702 petendi
1807 643 1825 692 3
1866 643 2180 704 parumper
2207 624 2330 684 dis-

133 717 386 777 cedere?
404 717 591 796 jussit
627 735 850 800 regem,
875 723 895 754 ⁸
924 737 1002 777 ne
1041 717 1228 778 solem
1275 717 1691 798 interciperet.’
1776 719 1871 779 13.
1955 720 2330 797 Inopinaturn

135 832 507 892 responsum,
534 803 970 892 hominemque,
999 813 1059 871 in
1101 832 1279 891 quern
1323 813 1382 872 in
1411 824 1581 875 tanta
1622 832 1736 873 sua
1774 814 2015 874 fortuna
2040 834 2113 874 ne
2148 817 2331 874 bene·

133 909 246 968 ficii
275 907 520 987 quidem
555 909 659 988 jus
684 909 952 982 haberet,
981 906 1302 969 admiratus
1353 909 1615 970 Macedo
1655 909 1877 969 dixisse
1905 910 2106 984 fertur,
2135 916 2153 944 ‘
2184 910 2330 969 Dio-

134 1023 345 1082 genem
375 1023 512 1064 esse
541 1005 822 1078 voluisse,
843 1005 904 1064 ni
929 1004 1272 1065 Alexander
1297 1005 1499 1065 esset!
1584 1007 1680 1065 14.
1723 1002 1963 1065 Scilicet
1983 995 2330 1085 magnitudo

132 1101 336 1173 animi,
351 1101 460 1182 qui
487 1121 560 1161 ex
589 1101 712 1160 alto
733 1101 1065 1180 despiceret
1092 1101 1311 1174 omnia,
1333 1120 1581 1180 quorum
1610 1119 1796 1160 causa
1822 1100 2027 1181 reliqui
2052 1102 2330 1163 mortales

129 1196 492 1276 semetipsos
531 1195 746 1275 cupide
793 1195 1070 1276 perdunt,
1099 1215 1218 1255 non
1261 1197 1439 1275 plane
1480 1194 1725 1257 fallebat
1772 1207 2029 1257 mentem
2067 1197 2333 1258 acerrimi

121 1293 361 1372 juvenis
385 1309 428 1362 ς’
449 1293 558 1354 sed
585 1294 892 1354 obeaecata
915 1293 1334 1374 cupiditatibus
1361 1293 1665 1387 pervidere
1694 1314 1811 1354 non
1836 1305 2088 1376 poterat,
2106 1303 2331 1375 quanto

133 1388 346 1450 melius
375 1399 538 1450 esset
564 1408 763 1449 carere
805 1390 1184 1470 supervacuis
1211 1385 1443 1470 opibus,
1470 1409 1647 1468 quam
1696 1391 1914 1452 habere
1944 1390 2333 1452 necessarias.

139 1489 227 1545 15.
273 1485 373 1543 Ex
403 1483 817 1564 Peloponneso
859 1484 1127 1565 Delphos
1167 1485 1408 1554 invisit3
1453 1485 1791 1564 Apollinem
1818 1487 1895 1546 de
1922 1497 2131 1547 eventu
2176 1487 2338 1560 belli,

133 1579 296 1658 quod
347 1579 724 1653 moliebatur,
752 1581 1196 1640 consulturus.=³
1276 1579 1398 1639 Sed
1426 1578 1593 1660 virgo
1624 1580 1869 1641 fatidica
1896 1583 2157 1660 negabat
2183 1588 2201 1616 ⁸
2231 1601 2337 1661 per

133 1693 236 1734 eos
263 1674 400 1734 dies
431 1673 582 1733 adiri
624 1671 820 1735 Deum
847 1675 937 1735 fas
985 1695 1121 1736 esse
1139 1678 1177 1737 τ’
1215 1675 1408 1736 donec
1460 1675 1591 1754 ipse
1618 1694 1691 1735 eo
1717 1677 2043 1755 profectus,
2068 1678 2126 1738 vi
2152 1678 2337 1737 corri-

133 1771 259 1850 puit
283 1770 597 1849 virginem,
619 1781 682 1830 et
703 1768 782 1830 ad
809 1771 1090 1851 templum
1132 1770 1326 1831 traxit.
1414 1771 1511 1831 16.
1554 1769 1677 1830 Sed
1721 1790 1857 1833 cum
1896 1775 2047 1833 inter
2074 1774 2337 1835 eundum

135 1865 238 1926 illa
261 1868 522 1947 patrium
564 1885 782 1928 morem
809 1868 1136 1948 pertinacia
1163 1868 1320 1947 regis
1348 1867 1567 1929 victum
1595 1878 1896 1947 reputatae,
1924 1869 2338 1945 exclamasset,

137 1972 156 1998 ⁸
186 1963 460 2022 invictus
501 1983 591 2035 es,
634 1963 754 2031 fili3
814 1964 1080 2056 accipere
1127 1981 1302 2024 omen
1323 1963 1339 1989 ’
1365 1961 1532 2035 dixit,
1576 1969 1595 1997 ⁴
1624 1982 1735 2023 nec
1786 1958 1903 2024 alio
1943 1964 2186 2024 oraculo
2220 1967 2339 2026 ‚sibi

133 2075 286 2137 opus
309 2058 488 2120 esse.’
577 2061 666 2118 17.
713 2059 824 2118 His
853 2061 1027 2119 rebus
1051 2059 1320 2120 celeriter
1340 2059 1629 2120 confectis
1649 2058 1709 2117 in
1740 2077 1988 2139 regnum
2010 2080 2337 2141 regressus,

135 2172 374 2214 summo
403 2154 604 2214 studio
647 2155 708 2215 in
735 2155 1056 2214 vindictam
1101 2165 1317 2234 spretae
1365 2153 1767 2215 Macedonum
1812 2156 2137 2234 majestatis
2171 2158 2338 2218 incu-

135 2251 283 2311 buit.
371 2251 627 2328 Jamque
667 2250 1012 2328 preeparatis
1055 2251 1353 2323 omnibus,
1379 2269 1515 2310 vere
1542 2269 1698 2310 novo
1745 2269 1821 2310 ex
1846 2250 2186 2330 Amphipoli
2213 2272 2339 2314 rno-

138 2365 308 2417 vens,
339 2345 626 2407 adversus
654 2345 869 2408 liberas
889 2347 1156 2407 Thraciae
1187 2356 1416 2426 gentes,
1444 2345 1691 2408 decimis
1718 2347 1931 2407 castris
1956 2345 2031 2406 ad
2078 2359 2338 2409 montem

141 2442 378 2502 AErnnrn
403 2443 685 2522 pervenit.
775 2443 868 2503 18.
913 2442 1140 2522 Magna
1179 2443 1474 2501 Thracum
1516 2462 1728 2502 manus
1756 2442 1969 2522 jugum
2011 2462 2341 2522 occupave-

139 2549 280 2608 ηιμ
307 2536 562 2599 transitu
596 2538 960 2619 prohibitura
1000 2558 1240 2617 regeint
1283 2549 1481 2599 castra
1515 2538 1797 2619 plaustris
1846 2539 1907 2597 in‘
1937 2538 2180 2599 modum
2201 2540 2343 2600 valli

139 2634 694 2703 circumdederantz
760 2635 1092 2718 propulsari
1147 2638 1207 2695 in
1261 2636 1518 2708 hostem,
1574 2636 1625 2695 si
1686 2636 1773 2695 vis
1828 2635 2157 2696 inferretur.
2246 2637 2339 2694 19.

141 2728 484 2791 Alexander
519 2732 902 2791 barbarorum
943 2742 1076 2792 astu
1119 2734 1361 2811 cognito
1387 2731 1577 2791 edixit
1624 2730 1957 2803 militibus,⁰
1985 2738 2002 2767 ‘
2032 2742 2101 2791 ut
2139 2731 2342 2810 plaus-

144 2828 248 2887 tris
275 2826 658 2897 irruentibus,
685 2827 930 2888 diducta
957 2827 1256 2908 phalange
1280 2828 1525 2888 innoxia
1572 2827 1753 2887 dilabi
1799 2838 2175 2907 paterenturz
2220 2838 2340 2899 aut,

144 2924 192 2983 si
219 2922 582 3002 deprehensi
623 2934 844 2995 essent,
871 2924 1033 2982 humi
1079 2924 1271 2995 strati,
1297 2922 1522 3003 clypeis
1566 2932 1725 2983 arete
1772 2921 2123 2993 commissis,
2152 2932 2343 2983 testu-

145 3017 282 3097 dine
312 3038 380 3078 se
422 3018 840 3096 protegerent.’
919 3020 1022 3078 20.
1067 3019 1159 3077 Ita
1198 3018 1457 3077 hostium
1488 3016 1663 3076 dolus
1708 3016 1904 3077 irritus
1932 3017 2085 3081 fuit:
2123 3036 2344 3097 magna

145 3114 546 3192 plaustrorum
573 3107 711 3192 p‘ars
739 3134 843 3193 per
869 3112 1182 3175 intervalla
1207 3111 1479 3172 ordinum
1502 3110 1783 3172 devoluta
1806 3120 1900 3171 est
1924 3130 1943 3179 ς
1985 3133 2123 3193 quas
2150 3133 2343 3175 arma-

145 3208 216 3267 tis
243 3208 532 3281 incidere,
550 3208 774 3289 clypeis
803 3211 1082 3293 impacta,
1113 3229 1342 3290 suoque
1368 3209 1593 3288 impetu
1624 3208 1991 3269 subsilientia
2018 3210 2163 3269 nihil
2194 3230 2343 3291 pon-

151 3304 302 3365 deris
366 3302 454 3377 ad·
513 3302 900 3365 obterendum
953 3306 1246 3367 habuere:
1289 3304 1599 3384 omnisque
1655 3304 1758 3364 illa
1819 3316 2141 3386 tempestas
2198 3309 2345 3368 citra

151 3418 363 3459 noxam
408 3400 703 3460 detonuit.
787 3404 890 3460 21.
933 3402 1070 3469 Quo
1111 3411 1273 3461 metu
1302 3401 1531 3461 liberati
1580 3400 1968 3473 Macedones,
1994 3401 2171 3461 alacri
2219 3402 2343 3462 cla-

149 3514 306 3555 more
349 3494 534 3567 edito,
577 3495 1024 3574 impressionem
1073 3496 1378 3557 faciunt.⁹-
1426 3496 1849 3560 Procul-rentes
1886 3498 2163 3557 barbaros
2190 3517 2344 3576 prse-

153 3591 340 3667 gressi
369 3610 408 3650 a
434 3589 643 3651 dextro
669 3610 853 3654 cornu
883 3594 1173 3673 sagittarii
1203 3593 1607 3674 frequentibus
1650 3592 1780 3652 telis
1810 3593 2217 3652 incessebant:
2260 3594 2343 3653 ita

151 3686 272 3745 sine
297 3683 566 3763 periculo
596 3685 855 3764 phalanx
883 3686 945 3746 in
965 3684 1241 3749 verticem
1267 3688 1455 3761 enisa,
1484 3699 1551 3747 ut
1578 3688 1825 3768 primum
1856 3687 2176 3765 aequ'oloco
2198 3707 2343 3748 con-

152 3782 362 3841 sistere
406 3782 620 3859 potuit,
647 3781 808 3851 haud
855 3784 1132 3861 ambigua
1158 3785 1400 3844 victoria
1448 3784 1679 3843 hostem
1722 3784 1943 3842 nudum
1987 3796 2092 3843 aut
2136 3784 2342 3846 leviter

153 3863 443 3937 armatum
484 3871 737 3953 disjecit.
820 3880 922 3938 22.
965 3878 1084 3939 Sed
1127 3879 1338 3941 eadem
1388 3874 1503 3951 res,
1532 3886 1691 3958 quae’
1707 3880 1989 3940 barbaros
2033 3879 2095 3939 in
2138 3882 2345 3959 proelio

217 4050 228 4082 ¹
263 4051 406 4103 Plnt.
428 4050 578 4102 Alex.
601 4068 658 4116 p.
681 4056 796 4103 6⁷1.
821 4053 1025 4107 Ari-ian.
1047 4068 1149 4105 vn.
1161 4060 1210 4105 Β.
1355 4062 1379 4087 ¹¹
1412 4053 1616 4105 Arrian.
1638 4054 1675 4106 1.
1695 4056 1731 4107 1.

155 4122 330 4175 valer.
351 4127 496 4175 Max.
515 4141 589 4176 w.
613 4132 662 4177 3.
1355 4138 1380 4163 ⁰
1413 4130 1645 4196 Polyoen.
1666 4130 1895 4196 Strateg.
1914 4144 1993 4183 lv.
2008 4136 2059 4183 ⁸.
2080 4135 2162 4181 11.

223 4209 258 4234 ·
291 4202 434 4251 Plut.
457 4202 665 4255 Alexa.
689 4204 725 4253 l.
1355 4212 1383 4246 Ρ
1417 4205 1625 4256 Arrian.
1647 4208 1680 4257 1.
1705 4206 1736 4253 Ι.

287 4282 460 4343 Βειμὶι.
477 4288 524 4333 et
553 4286 671 4336 Ver.
694 4284 824 4335 ctas.
1161 4285 1222 4340 Q.
1250 4286 1390 4334 Cart.
2168 4284 2217 4334 G
