2858 4782
649 398 920 451 surm..
968 402 1048 450 ιΝ
1099 403 1168 461 Q.
1215 400 1563 451 cunnum
1618 402 1762 451 ms.
1810 403 1856 454 1.
2226 390 2353 457 101

129 540 305 619 qaod
335 540 544 601 multis
569 540 726 601 locis
755 542 850 601 vix
881 556 1204 622 quaternos
1247 553 1507 603 armatos
1544 556 1825 623 caperet:
1870 546 2157 605 montium
2188 546 2355 625 jugis

131 636 338 696 Clitus
371 648 556 717 atque
583 639 872 698 Glaucias
899 638 1338 717 sagittariorum
1379 650 1441 699 et
1476 637 1844 699 funditorum
1888 640 2163 717 cohortes
2190 660 2359 721 mag-

131 752 406 814 namque
459 733 664 813 gravis
712 746 1026 794 armaturae
1079 754 1320 794 manum
1366 735 1791 813 imposuerant.
1876 736 1977 794 24.
2020 736 2359 798 Alexander

133 828 430 890 ducentis
459 832 756 909 equitibus
787 843 924 891 ante
966 841 1278 911 utrumque
1305 831 1623 910 phalangis
1670 849 1855 891 cornu
1883 830 2212 903 collocatis,
2248 832 2357 891 im-

133 936 310 1004 perat
355 932 380 962 ‘
411 937 479 986 ut
520 926 816 1006 erigerent
859 927 1099 993 hastas:
1141 946 1279 987 mox
1325 927 1501 1005 signo
1540 925 1686 986 dato
1728 944 1931 986 versus
1980 926 2185 987 hostes
2227 942 2358 987 tan-

135 1040 324 1099 quam
373 1021 662 1102 impetum
705 1022 940 1096 facturi,
989 1022 1234 1082 infestas
1279 1020 1723 1101 protenderent,
1764 1020 1945 1080 modo
1964 1022 2031 1097 in
2059 1021 2357 1095 dextrum,

135 1118 322 1177 modo
353 1117 422 1175 in
447 1118 749 1179 sinistrum
772 1120 928 1180 latus
951 1118 1199 1178 invicem
1221 1116 1539 1178 conversi?
1620 1104 1720 1177 25.
1752 1117 2073 1196 Suspensis
2102 1136 2175 1177 eo
2200 1136 2361 1177 com·

134 1222 352 1272 mento
411 1212 706 1285 hostibus,
760 1214 1116 1293 phalangem
1168 1212 1381 1294 raptim
1431 1231 1808 1293 progressam
1850 1232 2009 1273 nunc
2052 1214 2113 1273 in
2162 1212 2361 1292 plures

137 1308 302 1367 acies
333 1306 594 1380 diducit,
622 1328 784 1369 nunc
812 1308 1066 1369 divisam
1093 1308 1320 1387 colligit
1335 1328 1354 1378 ς
1399 1307 1479 1368 ad
1518 1317 1841 1368 extremum
1870 1326 2063 1369 cuneo
2090 1309 2271 1379 facto,
2298 1310 2360 1368 in

137 1402 296 1463 loeva
325 1404 671 1482 Illyriorum
709 1404 986 1485 proesidia
1025 1415 1264 1465 strenue
1291 1404 1487 1464 infert.
1574 1404 1675 1464 26.
1722 1404 1814 1463 Illi
1842 1404 2139 1465 celeritate
2162 1414 2229 1463 et
2251 1422 2361 1482 pe.-

135 1497 274 1558 ritia
305 1498 720 1559 Macedonum
751 1501 812 1558 in
844 1510 1144 1579 stuporem
1175 1501 1349 1570 versi,
1380 1497 1631 1559 desertis
1661 1518 1813 1578 quos
1839 1508 2155 1560 tenuerant
2188 1518 2359 1558 mon-

133 1594 330 1667 tibus,
388 1612 594 1653 versus
635 1594 842 1653 urbem
893 1594 1257 1673 refugerunt.
1341 1596 1443 1655 27.
1488 1594 1672 1655 Pauci
1720 1595 2059 1655 restiterant
2095 1595 2155 1653 in
2200 1594 2362 1653 edito

133 1688 326 1760 colle,
357 1708 484 1766 qua
502 1688 625 1767 jam
657 1688 972 1749 transierat
1001 1688 1401 1747 Macedonum
1429 1706 1683 1768 agmen:
1720 1688 1791 1749 iis
1816 1688 2083 1768 dejectis,
2108 1688 2361 1748 Alexan·

136 1782 245 1843 der
271 1782 524 1842 dnobus
563 1782 685 1842 sere
725 1782 984 1843 millibus
1017 1786 1406 1863 Agrianomm
1451 1785 2006 1867 sagittariorumque
2034 1786 2232 1847 locum
2257 1804 2359 1847 ca-

137 1876 260 1959 pit‘:
310 1876 624 1959 phalangi,
673 1898 850 1958 quam
895 1880 1111 1939 flumen
1149 1880 1551 1939 transmittere
1580 1879 1860 1959 jusserat,
1893 1880 2172 1960 proesidio
2199 1880 2363 1941 futu-

133 1994 262 2033 rus.
362 1976 465 2032 28.
509 1974 599 2033 Ea
645 1994 707 2034 re
753 1986 1098 2051 conspecta,
1129 1974 1406 2033 universa
1452 1974 1711 2035 bostium
1758 1976 2078 2037 multitudo
2120 1976 2233 2035 iter
2282 1974 2357 2035 ad
2444 2038 2450 2047 ,

131 2080 389 2130 montes
417 2068 696 2148 arripuitz
738 2088 812 2129 eo
855 2070 1129 2143 consili0,
1159 2078 1228 2128 ut
1270 2068 1593 2156 transjecta
1632 2069 1805 2148 gravi·
1824 2081 2138 2142 armatura,
2166 2082 2359 2131 extre-

135 2186 310 2224 mum
341 2182 579 2243 agmen,
624 2166 686 2222 in
729 2184 850 2243 quo
895 2163 1022 2243 ipse
1065 2184 1171 2225 rex
1213 2164 1573 2225 transiturus
1612 2175 1759 2237 erat,
1789 2166 2173 2226 adorirentur.
2256 2168 2361 2226 29.-

137 2260 280 2333 Ille,
311 2260 461 2318 nihil
490 2260 747 2333 territus,
771 2261 1072 2321 venientes
1100 2261 1324 2321 fortiter
1351 2262 1603 2339 excipit:
1639 2262 1813 2321 simul
1840 2261 2101 2340 phalanx
2124 2262 2361 2328 sublato

137 2356 431 2428 clamore,
459 2357 630 2437 quasi
659 2356 871 2416 iterum
902 2358 1252 2418 transmisso
1283 2376 1458 2418 amne
1486 2356 1757 2418 subsidio
1782 2358 1909 2418 suis
1934 2356 2109 2430 itura,
2136 2370 2359 2420 metum

135 2455 408 2514 incussit
434 2453 630 2516 hosti:
677 2457 776 2514 30.
807 2473 945 2513 nam
975 2474 1077 2514 rex
1107 2473 1246 2533 quoe
1273 2465 1598 2514 evenerunt
1623 2454 1822 2516 futura
1846 2465 2033 2527 ratus,
2059 2473 2358 2534 praecepe-

135 2563 259 2621 rat,
289 2549 450 2609 utin
481 2549 788 2609 adversam
817 2549 1004 2630 ripam
1034 2550 1216 2612 delati
1255 2551 1458 2611 statim
1504 2550 1691 2610 aciem
1728 2543 2103 2622 instruerent,
2143 2549 2359 2610 loevnm

137 2663 362 2715 cornu,
389 2643 549 2722 quod
578 2662 615 2703 a
639 2643 880 2704 flumine
904 2646 1294 2724 hostibusque
1320 2646 1566 2726 propius
1590 2647 1813 2720 aberat,
1836 2647 1895 2705 in
1922 2645 2180 2726 speciem
2206 2645 2359 2706 mul-

139 2740 427 2802 titudinis
477 2751 763 2820 quantum
812 2749 1062 2821 possent
1109 2740 1497 2820 explicantes.
1585 2743 1795 2820 Itaque
1824 2761 1975 2802 -cum
2022 2733 2379 2800 universum'

141 2835 476 2897 exercitum
513 2838 847 2897 incumbere
875 2837 989 2898 sibi
1018 2849 1294 2917 putarent
1319 2837 1637 2909 Taulantii,
1665 2835 1969 2916 paulisper
2004 2845 2359 2894 retrocesse-

141 2941 312 2992 runt.
401 2933 500 2988 31.
547 2931 614 2990 Id
659 2932 914 3012 spatium
964 2943 1174 2994 nactus
1222 2931 1586 3002 Alexander,
1616 2949 1761 2990 suos
1788 2929 2001 3008 raptim
2028 2927 2107 2988 ad
2134 2929 2359 2990 flumen

144 3027 360 3088 ducit=
403 3043 524 3106 quo
567 3025 668 3086 ubi
715 3038 958 3087 ventum
1004 3038 1119 3100 est,
1162 3027 1290 3106 ipse
1332 3027 1485 3086 inter
1525 3025 1745 3105 primos
1790 3023 2255 3104 transgreditur:
2298 3035 2363 3086 et

139 3143 284 3184 cum
317 3141 449 3194 eos,
479 3123 578 3202 qui
607 3141 818 3202 agmen
848 3122 1233 3195 claudebant,
1271 3141 1544 3185 reversus
1570 3121 1761 3181 hostis
1786 3130 2043 3201 urgeret,
2070 3119 2359 3182 machinis

143 3217 479 3298 dispositis,
512 3235 648 3295 quae
675 3227 838 3277 trans
883 3237 1115 3278 amnem
1151 3218 1402 3278 missilia
1442 3227 1811 3297 spargerent,
1839 3236 1975 3278 eum
2005 3219 2358 3278 summovit}

143 3313 330 3373 simul
371 3312 478 3391 qui
508 3311 636 3391 jam
677 3313 929 3392 ingressi
965 3313 1186 3374 flumen
1230 3325 1419 3383 erant,
1460 3332 1495 3371 e
1547 3311 1760 3372 mediis
1802 3311 1973 3390 aquis
2010 3311 2132 3371 tela
2156 3311 2357 3390 conje-

145 3427 284 3468 cere
306 3427 328 3466 z
369 3407 457 3466 ita
503 3407 738 3467 nemine
785 3407 1123 3468 desiderato
1171 3417 1435 3468 ceterum
1480 3407 1591 3466 iter
1630 3409 1899 3485 quietum
1946 3405 2209 3466 habuit.·
2259 3409 2356 3465 32.

145 3502 445 3563 Triduum
473 3501 920 3572 intercesserat;
965 3521 1100 3562 cum
1145 3509 1163 3538 ‘
1189 3502 1394 3563 hostes
1435 3511 1719 3581 tanquam
1770 3502 1977 3581 fugato
2027 3499 2361 3562 Macedone

145 3609 318 3660 metu
369 3615 613 3669 vacuos,
657 3599 882 3677 passim
929 3599 1096 3658 nullo
1144 3598 1354 3660 ordine
1400 3597 1663 3671 tendere,
1709 3616 1902 3676 neque
1938 3613 2101 3656 more
2126 3594 2361 3654 militari

147 3694 378 3754 vallum
431 3693 728 3753 fossamve
777 3711 884 3774 pro
925 3694 1136 3754 castris
1180 3694 1418 3766 habere,
1462 3713 1655 3772 neque
1705 3693 1937 3772 vigilias
1976 3701 2039 3751 et
2072 3690 2361 3752 stationes

147 3789 352 3850 obire’
387 3787 714 3848 nuntiatur.
769 3790 898 3852 ,33.
944 3787 1132 3867 Igitur
1167 3789 1446 3849 assumtii
1484 3787 1805 3866 sagittariis
1843 3783 2259 3866 Agrianisque,
2300 3797 2365 3847 et

148 3905 224 3946 ea
252 3883 660 3944 Macedonum
707 3883 958 3962 militurn
1006 3904 1205 3957 manu,
1257 3904 1437 3964 quam
1482 3883 1799 3944 Perdiccas
1828 3893 1891 3941 et
1920 3881 2140 3942 Coenos
2182 3881 2364 3944 duoe-

147 3983 326 4053 bant,
356 3991 540 4041 noctu
569 3990 848 4062 superato
875 3979 1138 4056 flumine,
1178 3981 1449 4043 celeriter
1489 3979 1567 4040 ad
1602 3997 1707 4038 eos
1750 3977 2093 4047 contendit3
2134 3977 2363 4058 reliquo

151 4075 418 4138 exercitu
445 4077 616 4158 sequi
647 4076 854 4156 jusso:
901 4079 1003 4138 34.
1045 4097 1156 4140 nec
1201 4085 1515 4155 expectato
1561 4093 1655 4148 eo,
1692 4093 1769 4136 ne
1796 4074 2169 4136 occasionem
2196 4093 2363 4135 mora

151 4184 556 4247 consumeret,
610 4171 756 4231 levis
814 4183 1128 4233 armaturae
1181 4173 1425 4233 militem
1472 4171 1811 4251 premittit:
1858 4190 2001 4232 mox
2046 4171 2175 4254 ipsc
2223 4190 2358 4230 cum
