2858 4782
651 339 908 388 sumu..
956 337 1038 390 m
1087 341 1156 400 Q.
1201 339 1551 390 cum-mu
1603 340 1747 389 ms.
1795 345 1843 391 ι.
2258 329 2343 393 95

151 499 284 542 men
329 478 744 541 subeundum:
788 499 948 543 nune
989 479 1308 542 celeritatis
1350 482 1565 560 magis,
1609 501 1784 561 quam
1814 483 2019 543 virium
2046 497 2344 546 certamen

150 597 303 637 esse.
393 576 572 644 Quod
600 578 650 636 si
678 576 962 638 adversus
991 579 1258 656 singulos
1289 579 1541 637 audacia
1570 598 1685 638 non
1716 591 1907 646 essetz
1950 581 2094 658 quid
2126 581 2343 641 deinde

149 673 436 745 futurum,
464 672 516 731 si
543 685 762 733 metum
791 673 1068 733 confesso
1091 690 1298 732 omnes
1327 691 1446 732 uno
1475 673 1695 750 impetu
1724 673 2285 754 superfunderentur
2304 675 2351 732 2⁹

156 769 246 827 13.
292 767 413 826 His
440 765 656 827 deinde
683 767 1073 845 congruentia
1099 766 1179 826 ad
1205 767 1489 846 populum
1516 767 1771 838 locutus,
1796 769 2035 848 adjecit,
2065 777 2081 804 ‘
2102 769 2349 829 effectu-

151 881 274 922 rum
305 882 397 935 se,
425 870 496 922 ut
518 864 678 922 cives
722 863 1044 942 hostesque
1073 863 1242 922 fateri
1287 872 1661 940 cogerentur,
1704 874 1907 943 erepto
1936 877 2101 945 patre
2128 885 2345 947 corpus

149 975 491 1035 nomenque
534 959 690 1035 regis
727 966 1022 1017 mutatum
1063 975 1196 1017 esse
1213 953 1248 1025 ς·
1287 956 1601 1017 consilium
1631 957 2009 1039 animumque
2037 980 2157 1020 non
2188 962 2347 1021 desi-

149 1051 366 1112 derari.
463 1055 554 1111 14.
577 1052 744 1114 ,Eam
773 1071 965 1112 rerum
993 1053 1435 1112 conversionem
1478 1053 1798 1114 nonnullos
1840 1057 2216 1116 occasionem
2246 1067 2345 1116 tu-

149 1145 488 1208 multuandi
514 1147 847 1225 putavisse3
891 1145 1000 1206 sed
1028 1147 1420 1226 brevipoenas
1450 1147 1718 1209 daturos.
1796 1153 1891 1210 15.
1928 1151 2115 1212 Modo
2142 1152 2347 1213 Mace-

153 1241 339 1302 dones
385 1239 632 1300 eosdem
674 1242 927 1314 animos,
955 1241 1198 1303 eosdem
1246 1243 1501 1303 lacertos
1548 1244 1659 1303 sibi
1708 1245 2169 1319 commodarent,
2196 1265 2347 1325 quos

152 1347 316 1398 tanta
360 1355 500 1397 cum
541 1337 800 1416 ipsorum
843 1337 1051 1423 gloria,
1079 1346 1364 1416 tantoque
1392 1339 1653 1398 victorie
1684 1341 1900 1413 fructu,
1929 1342 2080 1420 patri
2110 1361 2219 1402 suo
2247 1361 2353 1420 per

151 1445 234 1494 tot
259 1449 463 1494 annos
489 1433 926 1512 prestitissent.
1016 1434 1110 1493 16.
1153 1433 1224 1492 Id
1265 1451 1385 1513 quo
1434 1435 1721 1511 promtius
1768 1436 2141 1516 alacriusque
2188 1438 2351 1498 face·-

151 1540 299 1602 rent,
321 1527 590 1589 omnium
610 1536 826 1606 praeter
839 1528 1066 1590 militiae
1088 1529 1455 1587 vacationem
1480 1529 1619 1606 ipsis
1642 1529 2015 1590 concedere!
2067 1534 2157 1589 17.
2187 1533 2349 1591 Con-

151 1625 348 1684 silium
391 1623 552 1702 regis
598 1623 838 1682 fortuna
884 1621 1309 1702 comprobavit.
1393 1622 1534 1680 Non
1578 1623 1845 1701 segnius,
1883 1643 2062 1703 quarn
2112 1625 2355 1686 locutus

153 1721 363 1790 fuerat,
391 1717 634 1796 singula
661 1737 1012 1797 aggressum
1041 1716 1416 1778 felicissimus
1436 1717 1705 1778 'omnium
1738 1717 1931 1778 exitus
1960 1729 2199 1780 secutus
2228 1729 2344 1782 est.

152 1815 226 1874 Et
252 1815 580 1893 Amyntam
607 1812 868 1892 quidem,
895 1814 1208 1895 patefactis
1237 1833 1392 1892 quas
1424 1813 1527 1873 ille
1556 1823 1852 1874 struxerat
1874 1813 2130 1886 insidiis,
2168 1835 2349 1877 occu-

153 1910 352 1988 pavit:
395 1910 660 1968 Attalum
689 1929 792 1988 per
824 1909 1174 1969 Hecataeum
1201 1919 1262 1968 et
1287 1909 1735 1969 Parmenionem
1767 1907 2056 1969 sustulit}²
2136 1913 2230 1970 18.
2262 1911 2351 1970 Ex

153 2004 240 2075 iis,
284 2021 443 2082 quos
487 2003 546 2061 in
593 1989 868 2083 Philippi⁴
898 2023 1106 2063 necem
1159 2004 1541 2063 consensisse
1588 2023 1783 2063 rumor
1832 2006 2138 2081 arguebat,
2166 2023 2353 2064 unum

155 2097 558 2158 Alexandrum
589 2097 944 2178 Lyncestem
983 2098 1202 2158 exemit
1242 2097 1574 2177 supplicio‚¹
1606 2098 1769 2176 quod
1810 2097 2115 2179 imperium
2156 2100 2353 2158 susci-

155 2194 342 2272 pienti
383 2192 675 2266 affuisset,
721 2193 1062 2272 primusque
1115 2201 1134 2229 ⁴
1153 2213 1353 2273 regem
1371 2193 1387 2218 ’
1434 2193 1792 2252 salutasset:
1834 2201 2065 2253 ceteros
2107 2191 2353 2258 occidit.

159 2291 250 2349 19.
295 2289 388 2348 Ea
417 2289 730 2349 severitate
759 2308 928 2348 suam
957 2290 1209 2350 salutem
1236 2291 1297 2348 in
1323 2287 1589 2348 vindicta
1618 2287 1875 2366 Philippi
1911 2287 2121 2347 muniri
2150 2289 2358 2347 crede-

155 2387 284 2455 batg
331 2384 511 2445 simul
539 2383 761 2447 aboleri
786 2384 1024 2458 famam,
1055 2404 1176 2463 qua
1213 2396 1283 2445 ut
1325 2383 1603 2444 conscius
1654 2389 1919 2461 paternae
1965 2380 2147 2442 credis
2188 2377 2360 2442 nota·-

152 2482 346 2541 batnr.
429 2480 530 2540 20.
572 2480 812 2539 Crebrae
842 2480 996 2539 inter
1017 2498 1122 2539 eos
1153 2478 1468 2539 discordias
1496 2477 1673 2537 fldem
1706 2474 2026 2558 suspicioni
2053 2479 2355 2546 fecerant:

155 2586 212 2636 et
233 2584 532 2663 questum·
544 2574 783 2654 injurias
814 2574 1174 2634 Pausaniam
1212 2573 1288 2634 ad
1329 2572 1565 2633 facinus
1610 2574 1991 2633 confirmasse
2021 2573 2315 2634 ferebatur
2336 2594 2355 2633 ε

156 2670 389 2749 prolato
438 2688 512 2729 ex
557 2668 876 2748 Tragoedia
923 2668 1246 2742 carmine,¹²
1293 2666 1665 2747 quo-Medea
1694 2674 1711 2702 ‘
1736 2668 1952 2747 pariter
1980 2667 2175 2746 pellici
2206 2688 2359 2741 sue,

157 2767 376 2846 quique
404 2764 621 2825 eumin
647 2763 1078 2823 matrimonium
1105 2762 1316 2825 Jasoni
1347 2762 1711 2835 tradidisset,
1738 2773 1800 2822 et
1826 2762 1999 2841 cujus
2028 2763 2088 2820 in
2116 2782 2355 2821 manum

159 2860 554 2931 convenisset,
572 2859 730 2918 idem
749 2858 1010 2919 exitium’
1025 2858 1378 2918 minabatur.
1403 2858 1475 2915 21
1491 2858 1725 2917 .Verum
1745 2858 1870 2934 ipse
1883 2876 2014 2915 eum
2030 2856 2363 2934 aliquando

161 2955 322 3015 Darii
363 2953 650 3034 Epistolae
683 2952 1091 3033 responderet,
1119 2938 1398 3013 invidiam
1415 2952 1487 3010 ‘in
1510 2952 1725 3010 Persas
1763 2952 2079 3011 transferre
2104 2959 2355 3011 conatus

159 3062 246 3110 est
261 3060 309 3119 ς·
382 3061 400 3083 ·
434 3048 668 3108 illorum
731 3066 876 3108 auro
945 3066 1322 3128 percussores
1378 3045 1651 3125 Philippo
1707 3057 2079 3126 comparatos
2130 3046 2367 3107 fuisse:

159 3148 252 3207 22.
296 3146 556 3224 Quoque
583 3142 776 3223 magis
803 3162 1038 3204 omnem
1075 3142 1268 3223 culpae
1314 3141 1711 3222 suspicionem
1754 3150 2105 3220 extergeret,
2131 3154 2359 3221 postre-

161 3228 247 3300 mo
274 3242 420 3301 vitm
447 3239 1117 3321 tempore‘magniflcum
1147 3236 1422 3317 Philippo
1450 3235 1778 3315 templum·
1822 3246 2091 3297 extruere
2131 3238 2355 3315 cog-ita·

161 3346 358 3403 veratr
424 3332 510 3406 id,
553 3334 706 3393 inter
752 3332 868 3392 alia
915 3334 974 3391 in
1015 3331 1449 3393 commentariis
1506 3330 1635 3410 ejus
1680 3343 1930 3412 reperta,
1980 3350 2355 3391 successores

163 3430 491 3511 neglexere.

235 3526 349 3584 11.
429 3525 480 3582 1.
527 3524 679 3583 Cum
723 3534 921 3583 autem
963 3522 1040 3583 ad
1071 3522 1431 3603 perficienda
1458 3542 1595 3601 qum
1637 3521 1833 3581 animo
1863 3521 2146 3600 agitabat,
2171 3520 2367 3579 maxi--

167 3638 318 3679 mum
346 3617 410 3678 in
455 3636 531 3678 eo
557 3630 916 3678 momentum
945 3619 1202 3698 positum
1247 3616 1645 3691 arbitraretur,
1674 3626 1741 3677 ut
1768 3615 2017 3677 Groecise
2065 3614 2362 3695 principa-

225 3842 240 3875 ⁸
273 3840 434 3892 Diod.
469 3840 577 3892 Sic..
611 3852 756 3893 xvn.
790 3856 844 3907 p.
881 3846 996 3893 σω.
1028 3840 1228 3894 sustin.
1303 3840 1499 3892 Justin.
1523 3854 1602 3891 xr.
1622 3844 1670 3890 2.
1690 3842 1741 3889 Β.

167 3916 201 3964 l.
221 3918 257 3966 l.
1368 3922 1404 3949 Ι·
1437 3916 1579 3965 Plut.
1603 3913 1753 3965 Alex.
1778 3927 1828 3976 p.
1843 3916 1961 3963 0⁶10.

227 3992 251 4025 ¹¹
282 3992 444 4045 Diod.
489 4006 630 4044 xvn.
677 4008 726 4058 p.
773 3996 887 4043 ⁵6⁴.
934 3992 1099 4045 Con.-
1120 4006 1224 4046 vn.
1367 3998 1391 4024 ¹·
1424 3990 1630 4041 Arrisn.
1653 3999 1718 4038 u.
1744 3993 1824 4038 14.
1858 3988 2006 4039 curt.
2033 4001 2110 4037 ιν.
2135 3991 2181 4038 1.
2202 3989 2295 4041 12.

175 4070 217 4117 1.
239 4072 288 4119 Ι.
1365 4073 1391 4098 ⁰
1425 4064 1583 4116 Diod.
1606 4064 1709 4114 Sic.
1736 4076 1901 4116 xvrn.
1926 4078 1978 4128 p.
2001 4066 2118 4115 629.

229 4142 240 4175 ¹
277 4142 487 4194 Arrisn.
525 4156 627 4193 vn.
665 4148 749 4194 2⁶.
785 4144 931 4196 Curt.
963 4156 1064 4193 vu.
1102 4146 1222 4193 Lo.
