2858 4782
1062 368 1509 419 ruotnmuu.
2287 359 2333 423 9

16 479 18 598 ζ
134 519 310 583 satis
341 517 708 580 instructus
725 529 906 594 oese3
927 512 1236 592 debebat,
1257 532 1410 580 curn
1426 512 1574 596 jam
1596 513 1891 597 antiquis
1910 517 2327 600 temporibus

133 619 329 684 varin
355 622 425 683 et
449 617 664 682 multa
688 615 868 680 salsa
903 613 990 678 de
1017 611 1408 680 Alexandro
1436 620 1873 694 narrarentur,
1898 635 1987 680 ex
2027 617 2330 701 liquidis-

16 737 18 742 ’
137 721 333 784 simis
361 719 663 785 fontibus
691 715 975 794 haurire,
1004 715 1276 780 veritati
1303 733 1510 798 quam
1552 716 1845 780 maxime
1892 716 2179 795 studere,
2225 718 2331 783 id·-

138 841 278 904 que
307 823 536 886 animo
566 838 611 883 a
637 818 926 902 partium
955 815 1180 882 studio
1207 816 1521 899 omnique
1548 815 1797 881 affectu
1826 817 2325 898 alien03arte1n

137 921 436 986 debebat
461 917 816 984 ostendere
841 935 980 981 non
1007 915 1078 980 in
1105 917 1306 980 rebus
1335 915 1771 995 inveniendis,
1802 917 2015 982 sedin
2044 917 2157 998 iis;
2176 939 2329 1004 quas

138 1028 360 1098 erunt,
405 1021 628 1103 iisque
673 1017 1134 1102 gravioribus,
1175 1017 1557 1100 perspicue,
1600 1018 1897 1101 placide,
1941 1021 2333 1105 simpliciter

139 1121 537 1200 narrandis3
581 1119 820 1203 paucis
845 1118 1119 1200 defungi
1149 1117 1441 1181 debebat
1463 1119 1532 1180 in
1558 1119 1756 1184 rebus
1782 1121 2000 1184 minus
2026 1141 2333 1188 necessa-

140 1222 286 1299 riis,
315 1239 446 1286 nec
473 1225 617 1284 erat
644 1221 906 1303 quaevis
949 1219 1226 1284 occasio
1267 1219 1667 1303 eloquentia
1706 1221 2124 1288 ostentandae
2168 1243 2335 1306 cap-

142 1323 376 1389 tanda.
461 1320 617 1387 Jarn
645 1339 829 1399 vero,
857 1320 1174 1386 excussis
1201 1319 1548 1402 diligenter
1572 1320 1762 1384 libris
1793 1318 2149 1401 cristianis,
2177 1343 2329 1388 enm

144 1424 230 1489 ad
277 1422 663 1488 Historiam
688 1419 1120 1514 scribendaug
1137 1439 1270 1485 non
1299 1420 1467 1484 satis
1495 1425 1941 1504 proeparatum
1966 1421 2183 1487 fuisse
2212 1442 2333 1508 pa-

144 1527 276 1590 lam
305 1531 438 1588 est.
525 1521 836 1588 Graecam
864 1521 1190 1604 linguam,
1235 1541 1276 1584 e
1299 1539 1443 1604 qua
1469 1519 1841 1588 Alexandri
1871 1521 2183 1588 Historia
2210 1543 2334 1608 po-

147 1626 480 1692 tissimum
528 1621 1024 1689 transcribenda
1051 1627 1212 1699 erat,
1257 1639 1396 1686 non
1438 1621 1606 1685 satis
1639 1622 1969 1702 callebat3
2014 1624 2113 1688 rei
2138 1624 2335 1688 belli-—

147 1747 242 1793 coe
271 1727 380 1790 ita
401 1729 548 1790 erat
572 1723 940 1807 imperitus,
984 1731 1068 1788 ut
1101 1722 1352 1788 nullius
1379 1720 1521 1786 fere
1545 1723 1661 1786 vel
1686 1722 1905 1806 praelii
1936 1722 2047 1788 vel
2076 1723 2333 1789 obsidi-

149 1830 296 1892 onis
327 1825 697 1910 descriptio
737 1825 908 1914 satis
937 1822 1381 1906 intelligatur3
1424 1823 1801 1905 ignorantia
1828 1823 1895 1888 in
1923 1824 2121 1889 rebus
2150 1823 2333 1891 Geo-

145 1927 484 2012 graphicis
505 1931 688 1992 tanta
713 1933 848 2004 est,
863 1931 944 1990 ut
965 1944 1102 1991 non
1123 1925 1330 1990 facile
1349 1925 1667 2008 reperias,
1693 1943 1901 2009 quem·
1914 1926 2045 1991 hoc
2066 1928 2334 1992 nomine

149 2031 206 2092 ei
235 2033 640 2112 postponas,
664 2029 788 2092 &c-
875 2027 1260 2094 Historiam
1293 2028 1515 2112 ipsam
1558 2027 1925 2092 maximam
1952 2035 2215 2110 partem
2241 2047 2332 2092 ex

149 2129 396 2196 (ἔπειτα)
429 2129 738 2193 Latinam
763 2127 1010 2194 fecisse
1041 2126 1346 2208 videtnr3
1391 2127 1519 2192 sed
1565 2127 1625 2191 si
1671 2145 1825 2192 cum
1854 2127 2005 2192 aliis
2038 2126 2335 2192 Histori-

149 2231 267 2307 cis,
313 2229 487 2296 forte
537 2230 805 2294 fortuna
845 2230 936 2293 ad
989 2235 1223 2295 nostru
1273 2237 1586 2314 tempora
1636 2247 1851 2312 usque
1896 2229 2334 2305 conservatis,

150 2334 594 2413 comparatur,
611 2347 702 2393 ex
727 2328 1020 2395 turbidis
1039 2330 1431 2414 plerumque
1458 2329 1751 2397 fontibus
1770 2329 2077 2395 hausisse
2094 2331 2337 2395 mei-lto

151 2432 474 2515 arguitur.
559 2429 878 2513 Namque
903 2430 1132 2513 plures
1161 2448 1316 2495 eum
1343 2436 1653 2495 auctores
1694 2429 2040 2508 habuisse,
2090 2429 2339 2497 Clitar·

151 2534 361 2609 chum,
383 2531 818 2614 Timagenem
861 2538 936 2596 et
985 2532 1457 2610 Ptolemaeum,
1502 2533 1650 2615 ipse
1672 2538 1961 2599 testatur
1988 2548 2101 2597 lx,
2132 2535 2199 2597 ὅ.
2226 2534 2337 2599 21.

151 2634 525 2710 Ptolemaei,
581 2633 819 2717 optimi
867 2632 954 2698 de
1001 2631 1209 2699 Alex.
1247 2632 1605 2710 Historici‚
1659 2634 1949 2717 vestigia
1996 2632 2339 2717 aliquibus

16 2824 18 2827 y
149 2736 316 2801 loeis
345 2734 682 2801 invenisse
710 2732 890 2826 ‘mihi
925 2732 1199 2813 videon
1245 2732 1625 2797 Diodorum
1656 2734 1857 2798 etiam
1898 2732 2195 2797 Siculum
2238 2733 2339 2797 in·

149 2836 408 2901 terdum
437 2834 530 2900 ad
557 2835 838 2901 verbum
864 2835 1084 2912 vertit,
1111 2832 1266 2898 aliis
1295 2842 1519 2898 tamen
1548 2833 1865 2898 locisve!
1892 2832 2111 2896 multo
2143 2833 2337 2913 copi·

154 2937 326 3002 osior
353 2938 424 3001 in
457 2933 738 3016 singulis
761 2940 888 3012 est,
916 2933 1024 2998 vel
1055 2952 1338 3017 prorsus
1367 2933 1456 2996 ab
1480 2950 1565 2996 eo
1592 2930 1929 3013 discedit3
1954 2948 2077 2995 nec
2108 2930 2337 3012 Hege-

155 3038 340 3115 siam,
365 3035 696 3102 tumidum
719 3034 1114 3117 scriptorem
1137 3032 1527 3115 neglexisse
1568 3032 1856 3112 videtur,
1898 3032 2011 3112 (de
2040 3051 2175 3114 quo
2198 3032 2339 3097 vid.

155 3138 246 3204 St.
287 3136 502 3204 croix
547 3138 570 3170 ‘
594 3132 948 3213 Examen,’
991 3137 1113 3200 ste.
1141 3152 1212 3217 p.
1242 3133 1384 3217 15.)
1425 3134 1719 3217 plurima
1765 3152 1952 3213 vero,
1998 3134 2072 3199 ni
2121 3132 2343 3213 fallor,

157 3238 330 3304 sicut
359 3236 726 3314 Diodorus,
761 3234 1104 3301 Clitarcho
1133 3234 1364 3313 debet,
1411 3235 1764 3299 Histoi-ico
1790 3234 2061 3301 minime
2098 3234 2339 3318 proba·

16 3314 18 3359 *
153 3342 290 3418 hin,
319 3337 440 3416 (of.
465 3338 568 3403 St.
595 3335 808 3401 cmix
833 3356 904 3421 p.
935 3333 1078 3419 17.)
1117 3354 1206 3401 ex
1249 3335 1616 3417 Timagene
1656 3334 1945 3400 fortasse
1972 3342 2041 3401 et
2066 3334 2342 3417 reliquis

16 3456 18 3467 ·
155 3440 408 3523 passim
437 3436 700 3521 aliquid
731 3436 1146 3501 interserens.
1217 3434 1386 3500 Inde
1413 3436 1669 3501 factum
1696 3440 1823 3513 est,
1855 3443 1936 3499 ut
1963 3436 2341 3519 aliquando,

155 3560 300 3607 cnm
331 3540 468 3605 duo
509 3546 822 3605 auctores
850 3537 1127 3603 eandem
1156 3537 1433 3622 quidem
1460 3557 1619 3617 rem,
1648 3537 1921 3604 diverso
1950 3558 2109 3604 vero
2138 3539 2339 3604 modo

16 3640 18 3695 ἒ
157 3647 510 3720 narrarent,
539 3638 814 3706 Curtius
837 3640 1246 3705 narrationes
1269 3638 1733 3725 discrepantes
1756 3639 1845 3704 de
1872 3638 2101 3704 eadem
2143 3658 2213 3704 re
2240 3640 2343 3731 ita

16 3802 18 3807 .
157 3746 496 3827 repeteret,
537 3748 858 3823 tanquam
897 3746 1124 3807 essent
1169 3738 1258 3804 de
1303 3740 1587 3805 diversis
1632 3740 1856 3805 rebus.
1942 3740 2081 3805 Sed
2108 3743 2179 3803 et
2206 3738 2345 3804 alia

157 3844 364 3909 multa
385 3843 456 3907 in
486 3839 798 3907 Historia
838 3847 910 3904 et
948 3840 1021 3904 in
1049 3840 1623 3923 descriptionibus
1648 3858 1865 3905 remrn
1894 3839 2345 3904 memorabili·

157 3965 260 4009 um
305 3962 468 4009 curn
515 3942 792 4027 propria
841 3948 984 4007 tum
1031 3948 1380 4009 auctorum
1432 3958 1701 4007 suorum
1750 3940 1959 4025 culpa
2006 3940 2340 4025 peccavit.

16 4022 18 4063 ³
157 4044 292 4111 Vix
323 4044 452 4110 tria
479 4043 752 4109 memini
781 4041 962 4120 loca,
1001 4043 1122 4107 ubi
1162 4042 1338 4108 falsa
1366 4062 1411 4107 a
1438 4042 1617 4107 veris
1644 4040 2022 4107 discernere
2051 4046 2341 4106 conatus

161 4148 286 4227 sit3
333 4148 486 4230 ipse
527 4144 757 4229 potins
803 4142 1071 4223 fatetur,
1121 4163 1198 4208 se
1243 4145 1435 4227 plura
1478 4145 1923 4210 transcribere
1953 4160 2155 4227 quam
2206 4158 2341 4205 cre·
