2858 4782
649 407 908 456 super..
959 405 1036 454 m
1085 407 1155 467 Q.
1197 405 1549 455 cunnum
1600 407 1749 454 mn.
1797 407 1877 455 11.
2210 393 2341 458 115
2384 435 2387 440 -

151 555 248 631 qui
275 551 530 610 maxime
568 548 787 609 bellum
835 545 1052 607 differri
1079 546 1362 620 voluerat,
1389 549 1645 606 maxime
1692 546 2146 610 accelerandum
2188 568 2334 610 cen-

155 657 328 718 seret,
371 645 690 724 ultroque*
724 644 854 721 jam
901 641 1305 702 Alexandrum
1349 641 1703 703 hortaretur.
1784 645 1883 702 23.
1932 644 2138 722 Itaque
2178 647 2341 705 omni

157 761 295 803 cura
321 739 402 800 ad
431 735 838 800 maturandam
859 736 1281 816 profectionem
1307 753 1616 810 conversa,
1632 739 1709 797 ad
1734 737 1912 797 Dium
1942 739 2317 800 Macedoniae
2339 733 2353 767 ¹

157 839 360 896 urbem
385 832 526 895 Jovi
555 831 832 912 Olympio
853 851 1086 894 sacrum
1113 833 1274 905 fecit,
1295 832 1632 893 institutum
1654 837 1729 894 ab
1756 835 2067 906 Archelao,
2085 837 2185 914 qui
2214 847 2352 914 post

159 931 502 992 Perdiccam
530 927 850 988 Alexandri
889 927 1072 990 filium
1121 927 1410 1007 regnavit.
1492 929 1687 989 Musis
1734 948 1967 1009 quoque
2006 931 2181 991 ludos
2219 949 2357 989 sce·

161 1028 324 1087 nicos
357 1025 519 1098 fecit,
545 1043 650 1104 per
675 1043 888 1084 novem
933 1023 1086 1096 dies,
1111 1043 1220 1102 pro
1259 1041 1503 1083 numero
1544 1024 1825 1084 Dearum.
1906 1027 2006 1085 24.
2050 1026 2199 1086 Post
2224 1028 2355 1087 hoc

157 1121 498 1184 convivium
552 1138 782 1180 summa
835 1119 1277 1200 magnificentia
1329 1119 1695 1180 celebratum
1755 1133 1885 1188 esta
1952 1121 2357 1194 tabernaculo,

159 1218 318 1298 quod
347 1227 590 1278 centum
616 1216 802 1276 lectos
821 1229 1080 1294 caperet,
1101 1214 1437 1286 adornato,¹¹
1464 1214 1545 1274 ibi
1570 1235 1705 1274 cum
1738 1215 1943 1276 amicis
1970 1217 2361 1298 ducibusque,

161 1327 222 1372 et
242 1314 550 1374 civitatum
577 1311 790 1390 legatis
820 1310 1132 1370 accubuit:
1179 1313 1281 1371 25.
1326 1330 1431 1389 per
1469 1311 1789 1370 exercitum
1831 1330 2067 1391 quoque
2095 1313 2359 1373 victimas

165 1409 346 1468 «lividi
367 1407 570 1487 jussit,
595 1407 828 1485 aliaque
854 1406 1124 1486 proeberi,
1150 1407 1364 1485 quibus
1407 1407 1740 1466 destinatus
1770 1406 2045 1467 hilaritati
2074 1409 2202 1468 dies
2244 1407 2362 1466 ses-

163 1505 294 1564 tivis
321 1503 540 1583 epulis,
569 1512 633 1562 et
657 1502 870 1564 faustis
891 1502 1170 1562 instantia
1199 1503 1338 1562 belli
1365 1503 1659 1562 ominibus
1683 1503 2123 1582 transigeretur.

243 1599 364 1659 111.
437 1602 493 1658 l.
535 1597 692 1657 Vere
741 1609 940 1658 novo·
963 1598 1283 1658 contractis
1330 1597 1593 1676 undique
1634 1599 1820 1676 copiis
1849 1599 1909 1657 in
1938 1600 2141 1658 Asiam
2172 1609 2383 1664 trans-.

157 1696 337 1789 jecitz
389 1695 714 1754 exercitum
755 1694 962 1754 robore
1004 1711 1185 1772 quam
1237 1711 1482 1752 numero
1522 1691 1863 1753 validiorem
1909 1693 2157 1753 ducens.
2238 1695 2369 1752 Tri·
2476 1719 2479 1726 ·

169 1792 334 1869 ginta
361 1789 628 1868 peditum
669 1788 852 1849 millia
889 1787 1204 1847 Parmenio
1233 1787 1527 1848 ducebat:
1568 1807 1819 1867 quorum
1858 1786 2223 1849 Macedones
2250 1800 2369 1850 tre-

167 1886 364 1948 decim
401 1885 788 1966 expleverant
805 1904 824 1953 3
868 1884 1128 1964 quinque
1176 1893 1346 1942 erant
1389 1883 1664 1944 mercede
1709 1883 2081 1944 militantium
2102 1903 2121 1952 ς
2142 1893 2167 1928 '³
2204 1899 2367 1946 cete-

167 2001 292 2043 ram
319 1979 764 2040 multitudinem
794 1979 939 2039 socii
967 1978 1352 2057 foederatique
1399 1979 1701 2040 miserant.
1784 1981 1911 2038 Has
1940 1981 2141 2059 copias
2189 1980 2373 2060 illyrii

171 2077 552 2154 Thracesque
589 2087 652 2135 et
689 2073 952 2146 Triballi,
980 2073 1058 2134 ad
1103 2075 1364 2152 quinque
1393 2073 1697 2132 hominum
1728 2073 1909 2133 millia
1936 2076 2369 2153 sequebantur;

171 2170 396 2230 additis
423 2169 586 2228 mille
613 2168 1006 2248 Agrianorum
1053 2167 1397 2245 sagittariis.
1480 2168 1538 2224 2.
1585 2167 1925 2244 Equitatum
1970 2170 2369 2231 Macedonum

173 2265 334 2326 mille
378 2265 857 2343 octingentorum
899 2261 1170 2322 Philotas
1220 2261 1551 2328 ducebat3‘
1592 2274 1656 2320 et
1681 2263 1928 2322 totidem
1967 2283 2039 2323 ex
2066 2265 2378 2324 Thessalia

175 2361 398 2423 Calas:
441 2379 482 2420 a
507 2359 734 2440 reliqua
759 2360 996 2419 Graecia
1015 2359 1277 2419 sexcenti
1310 2357 1552 2417 omnino
1579 2359 1807 2437 equites
1838 2373 2145 2433 venerunt,
2159 2361 2376 2440 quibus

177 2456 486 2538 Erigyium
531 2456 892 2535 praeposuitz
935 2473 1148 2533 agmen
1197 2453 1455 2513 ducebat
1504 2454 1844 2515 Cassander
1883 2476 2020 2515 cum
2060 2458 2381 2535 nongentis

175 2554 476 2613 Thracum
531 2564 712 2630 atque
762 2549 1048 2609 Paeonum
1105 2549 1605 2610 antecursoribus..
1690 2554 1749 2611 3.
1802 2551 1981 2611 Hunc
2034 2554 2381 2624 exercitum,

177 2668 300 2713 non
325 2646 492 2707 ultra
517 2664 696 2724 quam
727 2646 786 2703 in
819 2645 1062 2724 triginta
1087 2644 1218 2705 dies
1257 2645 1491 2724 proviso
1518 2658 1871 2720 commeatu,
1898 2648 2141 2708 infinitis
2168 2649 2381 2708 barba—

177 2762 376 2803 rorum
411 2741 602 2820 copiis
649 2758 946 2820 opponere
997 2758 1118 2799 non
1155 2740 1481 2810 dubitavit,
1526 2742 1740 2801 virtute
1780 2762 2019 2803 suorum
2048 2744 2252 2815 fretus,
2280 2744 2383 2823 qui

179 2836 482 2899 vincendo
509 2854 683 2897 senes
727 2836 894 2907 facti,
921 2836 1130 2895 robore
1178 2835 1507 2895 animorum
1554 2854 1962 2914 armorumque
1990 2856 2104 2895 usu
2140 2837 2384 2897 cuilibet

183 2932 548 2995 multitudini
602 2931 861 2991 hostium
917 2929 1342 3009 insuperabiles
1395 2940 1583 2989 erant.
1662 2934 1725 2989 4.
1795 2930 2151 3009 Antipatro,‹¹
2204 2950 2384 3010 quem

187 3050 320 3089 cum
379 3026 696 3088 duodecim
739 3026 1002 3087 millibus
1049 3026 1338 3105 peditum,
1389 3036 1451 3085 et
1488 3025 1651 3085 mille
1694 3026 2031 3105 quingentis
2086 3028 2383 3106 equitibus

193 3122 570 3185 Macedoniae
599 3120 969 3199 Graecioeque
995 3122 1170 3203 rebus
1202 3120 1573 3199 praefecerat‚
1602 3121 1950 3199 injunctum,
1980 3133 2046 3182 ut
2070 3125 2386 3183 continuos

193 3220 248 3278 in
287 3220 534 3298 Europa
580 3216 848 3277 delectus
905 3227 1128 3295 ageret,
1177 3216 1395 3295 quibua
1444 3216 1725 3277 adversus
1778 3218 2108 3296 proeliorum
2163 3220 2387 3298 fatique

193 3314 548 3375 detrimenta
575 3313 866 3374 exercitus
909 3311 1164 3373 subinde
1189 3326 1523 3375 novaretur.
1605 3312 1739 3373 Hoc
1780 3332 1961 3373 unum
1998 3315 2109 3373 sibi
2136 3334 2389 3394 excepe-

199 3423 305 3484 rat,
343 3430 486 3471 cum
515 3420 714 3469 cetera
759 3409 963 3469 amicis
1011 3408 1342 3488 largiretur.
1423 3412 1486 3470 5.
1526 3408 1821 3488 Quicquid
1868 3409 2023 3469 enim
2060 3410 2226 3469 salva
2260 3426 2387 3467 ma-

191 3506 407 3583 jestate
431 3506 600 3585 regni
641 3506 850 3565 abesse
888 3516 1140 3583 poterat,
1187 3505 1529 3584 priusquam
1558 3522 1740 3565 naves
1770 3506 2214 3576 conscenderet,
2240 3502 2391 3563 inter

201 3622 336 3663 suos
377 3601 724 3662 distribuit?
816 3600 1130 3661 Perdiccas
1177 3600 1466 3680 praedium
1500 3601 1663 3680 quod
1705 3602 1959 3661 dabatur
1992 3618 2111 3660 non
2140 3598 2393 3677 accepit,

203 3698 562 3777 interrogato
599 3714 760 3774 rege,
795 3702 814 3731 ‘
845 3696 989 3774 quid
1037 3694 1280 3755 tandem
1325 3696 1437 3756 sibi
1482 3698 1594 3777 ipsi
1640 3697 1847 3776 reliqui
1896 3695 2169 3761 faceret?
2210 3706 2390 3773 atque

267 3856 292 3889 ¹¹
321 3858 468 3907 Plut.
490 3858 644 3908 Alex.
667 3862 859 3921 p.69⁸.
1305 3922 1316 3931 .
1345 3874 1489 3911 xvn.
1512 3876 1565 3924 p.
1584 3863 1702 3911 6⁷1.
1736 3858 1921 3921 Polyb,
1956 3868 2061 3906 ιιι.
2084 3859 2163 3907 10.
2198 3854 2395 3908 Justln.

261 3932 276 3967 ⁸
309 3934 466 3984 Diod.
491 3948 632 3986 xvu.
658 3950 710 3999 p.
745 3938 862 3986 57⁰.
891 3932 1095 3985 Arrian.
1118 3948 1162 3986 1.
1181 3938 1260 3985 n.
1344 3950 1427 3987 xx.
1452 3941 1500 3987 6.
1522 3942 1570 3987 2.
1602 3936 1714 3985 Liv.
1740 3946 1819 3985 rx.
1845 3938 1923 3985 1⁹.

213 4006 392 4059 suntin.
416 4022 497 4058 ιι.
521 4012 574 4058 6.
597 4012 649 4059 6.
1405 4018 1426 4044 0
1462 4012 1610 4060 Curt.
1637 4022 1714 4059 vr.
1733 4013 1783 4058 9.
1806 4012 1889 4059 21.
1909 4006 2071 4059 Diod.
2090 4006 2127 4058 l.
2142 4008 2181 4057 1.

269 4082 293 4117 ¹¹
324 4082 485 4132 Diod.
509 4084 546 4133 Ι.
564 4082 600 4134 l.
1403 4084 1428 4118 ἅ
1462 4084 1667 4135 moda·
1688 4085 1724 4135 l.
1746 4084 1955 4133 Arrian.
1980 4096 2019 4133 ι.
2038 4087 2119 4135 11.

273 4164 296 4189 ¹
327 4158 535 4208 Ari-ian.
554 4170 597 4208 ι.
621 4162 701 4209 11.
1403 4166 1427 4193 θ
1451 4158 1756 4209 Plut.Alex.
1773 4175 1823 4223 p.
1839 4162 1953 4209 672.
1970 4158 2164 4210 Justin.
2189 4171 2263 4207 ιι.
2282 4162 2329 4207 5.
2347 4162 2399 4213 ⁵,

275 4232 302 4267 δ
330 4234 410 4283 Id.
435 4236 465 4285 l.
488 4234 524 4284 Ι.
556 4233 700 4285 mut.
721 4234 871 4285 Alex.
894 4250 946 4301 p.
966 4238 1081 4287 6⁷2.
1098 4234 1258 4286 Diod.
