2858 4782
655 415 918 464 surm..
965 415 1048 464 ru
1098 415 1168 475 Q.
1213 414 1563 465 cum-iun
1614 416 1761 466 mn.
1810 412 1858 464 r.
2224 403 2355 468 109

159 555 460 616 Thebanis
489 556 708 617 auxilio
727 556 906 616 futuri
935 575 1000 617 se
1029 567 1489 628 commoverant,
1518 563 1535 590 ‘
1560 555 1766 627 duces,
1794 574 2045 635 quorum
2071 555 2357 616 instinctu

163 651 238 711 ad
273 671 414 712 eum
453 653 708 714 furorem
754 652 1016 733 prolapsi
1054 663 1280 725 essent,
1321 651 1535 733 capitis
1582 672 1647 712 se
1692 649 2216 712 condemnavisse'
2255 671 2361 712 ex-

161 749 484 827 ponebant.
565 751 666 808 27.
711 749 839 810 Elei
887 755 907 783 ‘
934 747 1206 809 exulibus
1252 748 1374 807 suis
1414 747 1667 808 reditum
1711 747 2104 819 concessisse,
2131 765 2252 807 non
2280 748 2359 808 ob

163 843 347 917 aliud,
375 843 492 904 nisi
520 844 679 923 quod
705 843 1050 906 Alexandro
1085 863 1256 906 caros
1297 843 1710 924 accepissent?
1791 844 1894 902 28.
1938 843 2019 901 Et
2044 841 2225 902 AEtoli
2252 863 2361 903 ex-

162 951 538 1012 cusaverunt,
579 946 595 975 ‘
625 939 788 1019 quod
817 940 878 998 in
907 938 1088 999 tantis
1118 939 1373 999 Groecioe
1404 939 1613 1010 turbis,
1655 937 1916 1017 ipsorum
1943 955 2181 1017 quoque
2207 957 2359 1018 gens

159 1053 449 1094 novorum
467 1033 844 1094 consiliorum
865 1051 1077 1112 expers
1093 1052 1215 1094 non
1232 1033 1515 1095 fuisset.’⁸
1555 1036 1655 1094 29.
1680 1033 2067 1112 Megarenses
2093 1033 2229 1094 novi
2256 1053 2360 1114 ge·

165 1129 317 1190 neris
345 1129 572 1191 honore
601 1130 784 1190 risum
813 1129 959 1209 regi,
977 1129 1196 1209 quique
1216 1129 1374 1189 circa
1393 1149 1532 1189 eum
1553 1141 1739 1200 erant,
1760 1138 2245 1202 commoverant,⁸
2262 1148 2354 1190 re·

161 1223 417 1285 ferentes
460 1231 476 1260 ‘
508 1227 586 1285 ob
613 1223 878 1286 studium
903 1235 966 1285 et
991 1226 1279 1287 beneficia
1306 1224 1629 1286 Alexandri
1659 1226 1719 1284 in
1746 1225 2014 1298 Groecos,
2039 1226 2357 1304 Megaren-

165 1319 244 1378 sis
291 1320 504 1399 populi
547 1321 699 1382 scito
747 1321 1044 1382 civitatem
1090 1320 1178 1381 illi
1225 1321 1525 1383 decretam
1576 1340 1709 1381 esse
1728 1321 1767 1382 τ’
1808 1322 1999 1383 donec
2034 1322 2359 1396 intellecto,

165 1424 183 1450 ⁸
207 1416 432 1476 nemini
459 1415 536 1475 ad
567 1435 700 1476 eum
731 1415 909 1487 diem,
929 1426 1180 1494 excepto
1203 1416 1481 1488 Hercule,
1502 1415 1564 1475 id
1591 1416 1831 1477 honoris
1860 1417 2166 1490 habitum‚’
2182 1419 2359 1479 laetus

164 1509 420 1590 accepit.
503 1513 602 1571 30.
645 1511 874 1572 Ceteris
903 1510 1229 1590 respondit,
1274 1519 1292 1546 ⁸
1318 1511 1464 1570 nihi]
1497 1511 1607 1571 sibi
1635 1513 1831 1591 quiete
1868 1523 1929 1573 et
1957 1512 2360 1573 incolumitate
2394 1497 2401 1503 ⁸

165 1605 422 1666 Groeciae
447 1606 746 1684 antiquius
775 1625 943 1676 esee;
985 1607 1168 1666 modo
1212 1607 1274 1665 in
1319 1617 1622 1686 posterum
1666 1607 1835 1666 novis
1878 1607 2053 1667 rebus
2096 1608 2359 1668 abstine-

165 1713 332 1762 rent:
375 1701 807 1782 preteritorum
855 1702 1084 1763 veniam
1125 1701 1299 1762 facile
1343 1696 1713 1762 concedere!
1793 1705 1892 1761 31.
1932 1701 2151 1762 Verum
2180 1703 2361 1782 Spar-

162 1797 316 1859 tanis
367 1796 622 1856 maxime
681 1791 956 1868 diffisus,¹'
996 1797 1288 1858 Philiadoe
1337 1798 1553 1858 liberos
1594 1798 1953 1870 Messenern,
2001 1797 2161 1857 unde
2202 1798 2360 1878 pulsi

163 1890 423 1963 fuerant,
471 1891 759 1951 restituit:
800 1891 1087 1952 Pellenen
1124 1893 1473 1953 Achoeorum
1519 1892 1797 1952 Cbaeroni
1827 1891 2108 1952 tradidit:
2151 1892 2361 1973 Sicyo-

163 2007 323 2063 nem,
373 1986 606 2066 aliaque
647 1986 1043 2068 Peloponnesi
1089 1989 1311 2069 oppida
1355 2009 1463 2068 per
1508 1987 1755 2048 clientes
1802 2007 1947 2046 suos
1987 1986 2214 2060 habuit,
2256 1989 2357 2068 qui

166 2083 420 2144 consilia
447 2081 1026 2144 Lacedaemoniorum
1067 2103 1142 2143 ex
1174 2083 1507 2164 propinquo
1554 2083 2018 2161 specularentur.
2104 2085 2201 2142 32.
2242 2084 2359 2143 Tot

165 2179 470 2258 tantisque
515 2179 690 2238 rebus
731 2179 1102 2258 perficiendis
1144 2181 1318 2259 pauci
1347 2199 1579 2240 menses
1608 2178 1986 2238 suffecerunt.
2029 2179 2182 2238 intra
2206 2198 2358 2256 quos

167 2289 290 2336 tam
319 2291 500 2354 grave
527 2282 704 2352 atque
733 2273 1042 2353 multiplex
1085 2274 1308 2333 bellum
1345 2274 1560 2333 leviore
1606 2273 1847 2350 negotio
1874 2271 2151 2345 confecit,
2180 2293 2360 2351 quam

171 2357 324 2434 alius
368 2369 718 2453 paravisset.
805 2371 900 2430 33.
948 2369 1082 2449 Ipse
1129 2368 1368 2449 quidem
1413 2386 1541 2427 eam
1583 2366 1887 2427 victoriam
1933 2365 2260 2426 celeritati‘
2299 2388 2366 2429 se

169 2463 387 2529 debere
414 2464 748 2538 consessus,
775 2464 1180 2545 interrog-anti,
1222 2470 1240 2498 ⁸
1271 2482 1531 2543 quonam
1569 2462 1822 2520 maxime
1854 2458 2031 2519 modo
2060 2458 2354 2521 Groeciam

167 2558 566 2639 subegisset?
611 2568 627 2594 ‘
657 2558 818 2620 Nihil
853 2558 1233 2631 cunctando,’
1271 2557 1595 2638 respondit.

233 2784 258 2810 ⁸
289 2772 497 2823 Art-ian.
520 2785 560 2821 1.
585 2774 669 2821 10.
1367 2764 1391 2800 ⁸
1424 2764 1695 2815 Demosth.
1745 2762 1812 2813 de
1867 2761 2153 2815 Alexandr.
2208 2766 2339 2815 Foed

233 2858 259 2886 ⁸
293 2848 438 2899 Plut.
469 2846 536 2896 de
567 2845 838 2895 Monet-ch.
876 2850 922 2897 c'.
952 2848 1003 2897 2.
1027 2844 1227 2895 Seneca
1305 2842 1531 2891 Pausan.
1556 2854 1650 2890 vn.

169 2930 240 2981 de
257 2921 494 2975 nenefie.
516 2934 557 2973 ι.
581 2924 663 2973 18.
1127 2916 1146 2933 ’
1371 2926 1394 2953 ⁸
1425 2917 1598 2967 Schol.
1622 2914 1687 2964 ad
1712 2913 1925 2965 Homer.
1948 2915 2101 2965 Iliad.
2124 2921 2177 2966 B.
2262 2930 2271 2939 ·
