2858 4782
456 398 587 465 326
893 416 961 473 q.
1009 413 1272 462 cunm
1323 414 1506 463 num
1561 414 1703 463 mn.
1753 414 1850 463 ιν.
1897 416 2060 491 cu.
2109 400 2215 467 14.

454 556 797 640 pellentur.
882 556 949 619 4.
994 555 1102 620 Ob
1132 555 1199 620 id
1232 556 1484 641 ipsum,
1527 558 1712 641 quod
1759 559 1966 641 ignoti
2003 564 2277 638 essent,
2320 560 2658 643 ignobiles

458 678 649 723 esse:
692 677 1033 743 nunquam
1062 660 1349 742 ignorari
1392 660 1572 723 viros
1613 660 1857 725 fortes:
1903 650 1974 725 at
2016 661 2347 739 imbelleS,
2375 680 2472 727 ex
2499 663 2660 727 late-

454 761 591 824 bris
631 761 771 823 suis
816 766 1070 838 erutoS,
1121 760 1287 823 nihil
1333 766 1573 843 praeter
1618 761 1891 825 nomina
1919 761 2189 843 afferre;
2236 760 2660 827 Macedones

453 862 699 924 virtute
730 868 1109 939 assecutos,
1158 880 1240 924 ne
1284 862 1440 943 quis
1481 866 1625 924 toto
1669 864 1832 926 orbe
1877 864 2070 927 locus
2097 870 2306 942 esset,
2339 864 2463 947 qni
2495 864 2662 929 tales

454 963 638 1025 viros
694 962 1047 1043 ignoraret.
1130 964 1198 1027 5.
1263 962 1686 1027 Intuerentur
1742 966 2177 1030 barbarorum
2239 964 2660 1029 inconditum

456 1079 727 1144 agmen:
772 1063 975 1127 alium
1016 1064 1179 1128 nihil
1230 1070 1470 1147 praeter
1506 1066 1812 1149 jaculum
1857 1066 2146 1147 habere3
2197 1068 2410 1131 alium
2457 1066 2668 1131 funda

360 1154 365 1159 ’
456 1182 629 1227 saxa
656 1163 899 1229 librare
926 1186 941 1224 :
987 1165 1231 1248 paucis
1250 1164 1440 1247 justa
1467 1182 1652 1230 arma
1681 1186 1853 1231 esse.
1927 1166 2188 1255 'Itaque
2215 1168 2406 1231 illinc
2432 1166 2664 1249 plures

456 1276 676 1331 stare:
717 1266 870 1330 hinc
898 1267 1126 1349 plures
1156 1266 1620 1331 dimicaturos.
1679 1269 1745 1332 6.
1781 1269 1930 1333 Nec
1951 1269 2296 1352 postulare
2319 1288 2420 1346 se,
2443 1276 2524 1333 ut
2537 1270 2666 1331 for-

454 1368 609 1431 titer
636 1375 1057 1449 capesserent
1086 1368 1417 1450 praelium,
1449 1368 1518 1431 ni
1549 1368 1697 1450 ipse
1719 1370 1958 1433 ceteris
1975 1370 2389 1434 fortitudinis
2421 1369 2665 1434 fnisset

454 1468 879 1550 exemplum:
926 1488 998 1532 se
1050 1478 1204 1533 ante
1254 1470 1470 1552 prima
1519 1471 1708 1551 signa
1765 1471 2280 1536 dimicaturum:
2323 1471 2664 1553 spondere

451 1588 574 1650 pro
625 1588 721 1646 se,
778 1576 941 1653 quot
994 1570 1372 1657 cicatrice3‚
1439 1570 1717 1633 totidem
1770 1572 2078 1655 corporis
2135 1572 2426 1637 decora:
2493 1572 2666 1636 scire

450 1671 666 1751 ipsoS,
708 1688 913 1734 unum
958 1688 1151 1753 paene
1190 1690 1265 1734 se
1306 1670 1556 1754 praedae
1607 1673 1988 1734 communis
2033 1678 2375 1737 exsortem
2427 1673 2500 1735 in
2527 1672 2664 1735 illis

454 1770 757 1833 colendis
785 1772 1235 1855 ornandisque
1265 1791 1582 1854 usurpare
1607 1773 1908 1837 victoriae
1939 1774 2239 1855 praemia.
2257 1773 2282 1809 ⁸
2366 1772 2436 1836 ⁹7.
2477 1772 2664 1837 Haec

458 1892 533 1933 se
562 1871 844 1936 sortibus
876 1873 1036 1936 viris
1066 1874 1323 1937 dicere:
1368 1874 1428 1936 si
1461 1874 1577 1955 qui
1605 1874 1972 1938 dissimiles
2004 1894 2238 1938 eorum
2265 1882 2520 1952 essent,
2548 1876 2664 1939 illa

453 1972 668 2035 fuisse
702 1972 1074 2037 dicturum:
1120 1975 1510 2057 pervenisse
1554 1996 1658 2052 eo,
1703 1977 1879 2040 unde
1906 1977 2132 2058 fugere
2163 1996 2298 2039 non
2325 1986 2658 2059 possent:

448 2080 559 2138 tot
586 2080 899 2137 terrarum
930 2076 1155 2158 spatia
1182 2077 1497 2152 emensiS,
1529 2080 1634 2140 tot
1663 2080 1965 2142 amnibus
1995 2076 2472 2159 montibusque
2501 2084 2664 2160 post

455 2182 714 2256 tergum
743 2172 1054 2257 objectis,
1082 2175 1212 2239 iter
1254 2175 1325 2238 in
1369 2178 1664 2258 patriam
1711 2184 1778 2241 et
1829 2183 2107 2261 penates
2135 2198 2338 2243 manu
2369 2198 2534 2243 esse
2565 2180 2662 2243 fa·-

457 2274 817 2341 ciendum.’
904 2278 967 2341 8.
1000 2278 1114 2341 Sic
1140 2276 1370 2351 duceS,
1396 2278 1498 2341 sic
1521 2279 1816 2360 proximi
1843 2279 2130 2343 militnm
2161 2280 2458 2343 instincti
2483 2287 2660 2343 sunt.

460 2378 711 2444 Darius
743 2378 806 2443 in
836 2378 1019 2443 laevo
1037 2378 1062 2414 '³
1092 2399 1295 2443 cornu
1328 2386 1491 2457 erat,
1519 2400 1761 2463 magno
1781 2401 2054 2444 suorum
2074 2381 2358 2463 agmine,
2377 2380 2660 2446 delectis

456 2481 755 2563 equitum
786 2481 1219 2564 peditumque
1248 2482 1586 2564 stipatus:
1632 2490 2207 2566 contemseratque
2249 2483 2658 2566 paucitatem

519 2674 540 2706 ⁶
570 2677 655 2725 Aa
674 2678 782 2728 illos
802 2681 1167 2728 remunerandos
1185 2679 1496 2741 ditandosque
1514 2693 1566 2727 se
1586 2679 1853 2741 impendere
1871 2679 2306 2737 victoriaesructus.

1374 2835 1669 2858 “veneo“
1675 2837 1734 2857 Ν

457 2957 668 3020 Scythe-
740 2955 905 3017 Bong.
933 2960 977 3004 1.
996 2955 1144 3018 quive
1169 2953 1376 3013 Adusii5
1408 2955 1603 3004 Fanch.
1625 2956 1762 3018 quive
1786 2953 2652 3005 Gaaueii.1··lorent.1,eid.voss.

458 3025 506 3069 1.
528 3027 575 3069 2.
615 3027 670 3067 et
702 3019 837 3068 Mer.
871 3019 1183 3080 appellantur.
1188 3023 1283 3067 -4
1318 2991 2400 3082 13³1.1.nunqwnzgnm1·10rent.unt
2433 3018 2657 3067 imbeues.

456 3084 573 3132 Pau.
598 3088 645 3131 1.
668 3083 863 3130 omittit
886 3099 949 3130 ex
971 3091 1091 3130 ante
1114 3083 1327 3140 latebris,
1340 3091 1393 3131 et
1418 3097 1512 3144 pro
1534 3083 1634 3131 suis
1653 3084 1813 3132 habet
1834 3084 1955 3146 ejus,
1974 3089 2030 3131 et
2049 3097 2170 3132 mox
2181 3082 2376 3146 fen-ep
2379 3096 2438 3130 ro
2459 3081 2654 3146 offerre.

454 3152 551 3194 -5
587 3147 735 3194 Voss.
760 3149 810 3194 2.
843 3147 989 3193 alium
1016 3152 1210 3208 proeter,
1244 3149 1434 3195 omisso
1471 3147 1612 3195 nihil.
1678 3149 1832 3196 Voss.
1871 3153 1916 3196 1.
1958 3161 2078 3194 ma
2109 3147 2326 3195 liberare.
2393 3146 2628 3208 Bong.l
2640 3179 2652 3192 .

456 3209 595 3257 Pith.
619 3217 673 3256 et
697 3209 923 3256 Florem.
946 3209 1099 3267 juxta
1120 3223 1251 3257 arma
1274 3225 1374 3258 esse
1376 3215 1489 3260 .-6
1524 3211 1676 3258 Voss.
1696 3215 1746 3262 2.
1778 3210 2110 3288 nicoenipau
2137 3209 2294 3258 Frob.
2331 3209 2504 3258 Anist.
2543 3209 2650 3258 Col.

459 3281 511 3320 et
535 3271 703 3334 Lugd.
736 3271 831 3320 nisi
850 3271 981 3334 ἕρεις
1016 3273 1151 3320 Mer.
1173 3287 1231 3321 ne
1251 3273 1367 3334 ipae.
1401 3274 1612 3323 ‘ceteris
1633 3275 1853 3324 abestin
1877 3275 2098 3324 Theocr.
2129 3280 2187 3322 et
2222 3273 2322 3322 hoc
2355 3274 2578 3335 optime,
2599 3278 2656 3321 et

454 3346 564 3386 tum
602 3335 967 3384 subauditur‘
988 3335 1144 3396 ipsis!
1155 3335 1355 3386 '.Cunz
1423 3337 1540 3400 Lug
1543 3339 1591 3386 d.
1627 3346 1684 3388 et
1718 3338 1888 3388 Amst.
1923 3351 2040 3387 cum
2073 3338 2380 3399 Bongarsio,
2407 3339 2654 3386 omittunt

454 3401 713 3464 mnderm
748 3399 885 3464 quod
910 3398 1162 3449 exhibent
1198 3401 1337 3450 Dan.
1374 3409 1431 3450 et
1468 3403 1581 3450 Pal.
1607 3407 1657 3451 1.
1689 3403 1933 3466 spondei-is
1953 3401 2096 3450 Pith.
2124 3403 2352 3464 spondere
2383 3415 2436 3449 re
2471 3406 2548 3449 tot
2581 3402 2652 3449 ecl

456 3471 567 3528 quot
600 3464 751 3514 Voss.
773 3469 823 3514 2.
858 3469 933 3513 tot
965 3465 1210 3514 cicatrices
1246 3466 1476 3514 Florem.
1517 3465 1669 3516 Leid.
1707 3467 1857 3515 Voss.
1883 3471 1928 3516 1.
1975 3467 2112 3515 Dan.
2153 3466 2268 3514 Pal.
2307 3469 2354 3514 1.
2393 3473 2450 3514 et
2487 3466 2650 3526 Bong.

451 3531 588 3579 Vide
614 3529 737 3580 Not.
761 3529 887 3579 Var.
953 3529 1122 3592 Bong.
1162 3529 1369 3592 corpori·
1403 3529 1614 3580 totidem.
1695 3531 1848 3579 Vm
1885 3535 1933 3580 1.
1975 3529 2172 3579 omittit
2207 3544 2258 3578 se
2295 3537 2420 3578 ante
2461 3531 2649 3591 proedae.

454 3595 592 3643 Mer.
632 3593 830 3643 omittit
868 3607 1137 3642 communia.
1207 3594 1358 3644 Voss.
1390 3598 1440 3643 2.
1485 3595 1538 3642 in
1574 3594 1675 3643 illis
1713 3595 1945 3644 tollendis.
1948 3597 2042 3643 —7
2080 3593 2216 3643 Am·
2249 3593 2521 3655 pervenisse
2556 3605 2650 3642 eos.

456 3659 593 3709 Mer.
615 3657 814 3707 omittit
837 3663 907 3707 tot
927 3665 1048 3706 ante
1072 3665 1325 3708 terrarum.
1391 3659 1536 3707 Pith.
1567 3664 1733 3722 poste.
1755 3659 1969 3716 τάξι-ως
2003 3656 2154 3707 Voss.
2169 3661 2219 3706 2.
2249 3664 2354 3720 pont
2377 3662 2414 3706 t.
2437 3657 2650 3715 abiectis.

456 3723 581 3771 Mox
616 3723 824 3787 quidam
860 3729 1180 3772 correctores
1208 3729 1582 3785 reposuerunt.
1613 3727 1666 3771 et
1701 3720 2160 3786 adpenditia
2181 3721 2418 3770 scilicet
2405 3723 2529 3783 ipsis
2551 3733 2650 3768 non

454 3787 729 3835 videbatur
755 3787 938 3835 Latine
977 3785 1078 3835 dici
1110 3799 1261 3849 posse
1292 3787 1343 3834 in
1372 3791 1580 3848 penam.
1583 3789 1680 3834 —8
1713 3786 1864 3836 Voss.
1886 3791 1935 3835 2.
1798 3727 2095 3836 mind.
2119 3785 2285 3835 Colin.
2307 3785 2510 3848 Gryph.
2531 3785 2650 3832 Bu.

458 3849 571 3898 Col.
596 3851 752 3899 Frob.
777 3858 833 3900 et
856 3851 991 3899 Mer.
1014 3850 1382 3900 inuti-uetitum.
1449 3851 1605 3901 Voss.
1624 3855 1672 3900 1.
1697 3847 1820 3899 Ald.
1843 3851 2000 3900 Frob.
2021 3859 2076 3898 et
2093 3850 2202 3898 Elz.
2225 3849 2652 3911 agurii-emam,-

455 3913 607 3962 Voss.
628 3919 677 3963 2.
711 3927 899 3964 suorum
921 3915 1177 3977 nentium
1243 3913 1357 3964 Pal.
1387 3917 1434 3964 1.
1473 3915 1638 3964 electis
1659 3929 1754 3978 pro
1774 3914 1984 3964 delectis.
2051 3913 2285 3963 Floreat.
2321 3913 2472 3962 Leid.
2496 3913 2645 3961 Voss.

1446 4057 1661 4109 NOTAE

530 4167 553 4203 ὓ
586 4169 647 4218 In
685 4167 827 4231 lavo]
879 4168 1045 4218 Immo
1083 4183 1207 4219 vero
1244 4169 1297 4218 in
1338 4169 1514 4218 media
1591 4169 1740 4232 chus,
1757 4169 1916 4234 idque
1939 4169 2148 4231 ‘patrio
2170 4167 2344 4218 more'
2373 4169 2645 4220 Persarum

454 4247 589 4308 acie,
613 4253 669 4294 ut
712 4243 895 4294 scribit
930 4243 1180 4293 Arrianus
1210 4251 1267 4294 et
1303 4245 1514 4295 Plutar·
1597 4247 1814 4310 Regum,
1839 4253 1895 4296 ut
1916 4246 2136 4296 diximus
2157 4247 2248 4296 lib.
2265 4257 2354 4297 ιιι.
2375 4261 2494 4312 cap.
2517 4253 2564 4296 9.
