2858 4782
570 353 658 417 52
1105 365 1410 418 sumen
1461 369 1559 416 nn
1608 368 1893 429 Qum‘ro
1942 368 2246 418 cunm-10.
2326 327 2337 342 ’

854 600 1158 667 Valentis
1185 600 1483 666 Acidalii
1516 599 1828 664 Animad.
1863 599 1953 664 ad
1983 597 2200 666 Curtii
2224 600 2341 665 lib.
2374 615 2477 664 ιν.

659 751 762 814 De
798 749 1026 816 Curtio
1067 751 1270 814 miror
1313 768 1502 833 saepe
1545 768 2012 833 nonnunquam
2062 756 2133 814 et
2183 749 2513 832 indignor,
2564 747 2783 811 doleo

573 849 836 934 quidem
867 870 1151 934 semper,
1178 870 1314 915 uon
1339 857 1477 916 tam
1516 850 1701 931 quod
1748 850 1835 913 ad
1880 869 2117 914 manus
2165 859 2435 916 nostras
2468 849 2789 932 pervenit

571 959 910 1035 corruptus
939 953 1041 1016 sic
1087 958 1156 1016 et
1187 953 1519 1032 vitiosus;
1566 952 1711 1018 haec
1761 953 1940 1016 enim
1994 971 2154 1017 saue
2206 971 2358 1016 cum
2410 951 2789 1026 omnibus;

569 1073 692 1118 nec
721 1053 904 1138 quod
933 1061 1072 1118 tam
1103 1055 1336 1142 multis
1361 1054 1535 1118 locis
1565 1054 1833 1118 mutilus
1878 1072 1960 1119 ac
2006 1055 2209 1128 lacer,
2260 1053 2413 1128 haec,
2436 1071 2598 1117 cum
2633 1051 2787 1134 ple-

568 1155 834 1238 risque:
879 1173 1000 1220 nec
1047 1157 1223 1239 quod
1266 1155 1541 1238 integris
1586 1155 1777 1220 libris
1829 1162 1901 1220 et
1945 1155 2120 1239 ipsis
2151 1154 2325 1218 adeo
2358 1154 2599 1238 primis
2648 1171 2788 1216 ceu

569 1257 790 1338 capite
818 1263 1206 1335 truncatus3
1250 1256 1401 1320 haec
1450 1276 1721 1341 quoque
1766 1276 1919 1320 cum
1964 1255 2193 1319 multis
2220 1254 2605 1319 communis
2646 1253 2789 1336 ipsi

567 1357 874 1422 fortuna:
921 1377 1122 1442 quam
1170 1357 1354 1440 quod
1401 1377 1526 1423 nec
1576 1364 1784 1422 ortum
1828 1357 1971 1440 ejus
2015 1356 2183 1420 satis
2213 1363 2423 1431 certo,
2452 1373 2577 1418 nec
2612 1364 2791 1418 aeta-

573 1465 709 1521 tem
740 1479 876 1543 qua
904 1461 1172 1537 vixerit,
1204 1480 1284 1525 ac
1316 1459 1684 1542 scripserit,
1731 1459 1980 1523 scimus
2024 1455 2162 1520 ullo
2207 1455 2442 1520 modo:
2486 1473 2655 1537 quae
2684 1454 2790 1518 illi

568 1563 794 1624 tamen
839 1562 998 1646 ipsa
1039 1581 1192 1626 sors
1235 1581 1371 1626 non
1412 1562 1617 1627 etiam
1672 1561 1940 1625 omnino
1980 1559 2080 1623 sic
2124 1558 2515 1643 peculiariS,
2543 1561 2627 1620 ut
2662 1575 2789 1640 pa·

567 1679 707 1725 rem
751 1663 1142 1746 sociumque
1184 1662 1433 1728 habeat
1482 1663 1857 1728 neminem:
1901 1661 2021 1725 illa
2063 1667 2282 1724 autem
2322 1661 2439 1723 vix
2494 1658 2787 1723 omnino

569 1781 956 1846 quenquam
987 1763 1341 1828 calamitas
1363 1769 1554 1828 extra
1584 1760 1887 1840 Curtium
1932 1759 2195 1838 afflixit,
2240 1768 2314 1823 ut
2362 1759 2787 1842 reliquorum

571 1865 973 1947 scriptorum
1004 1883 1198 1928 nemo
1228 1865 1639 1928 mentionem
1673 1863 1819 1946 ejus
1862 1881 2171 1947 usquam,
2220 1861 2330 1926 vel
2358 1879 2497 1926 uno
2528 1864 2783 1937 verbo,

570 1971 814 2029 certam
861 1965 1017 2029 dico
1066 1965 1477 2030 mentionem
1524 1971 1595 2028 et
1643 1962 2121 2041 indubitatam,
2166 1963 2398 2041 faciat,
2428 1963 2515 2027 ad
2560 1983 2787 2028 unum

569 2067 876 2130 omnibus
936 2064 1342 2143 tacentibus,
1405 2065 1605 2148 quasi
1656 2064 1741 2128 de
1798 2071 2157 2149 compacto
2218 2071 2289 2128 ut
2342 2065 2788 2147 conspirasse

569 2165 917 2232 videantur
966 2166 1055 2231 ad
1105 2166 1658 2250 supprimendum
1708 2165 1997 2230 hominis
2056 2183 2323 2241 nomen,
2374 2164 2462 2229 ad
2518 2165 2785 2229 famam

572 2286 846 2350 prorsus
895 2268 1426 2353 opprimendam.
1516 2267 1599 2332 In
1650 2267 1782 2331 hoc
1843 2268 1995 2350 quis
2044 2285 2178 2330 non
2227 2265 2570 2331 indoleat?
2620 2269 2785 2350 quis

565 2387 700 2434 non
729 2370 1000 2435 miretur
1031 2378 1098 2436 et
1124 2370 1550 2454 indignetur?

835 2569 944 2634 Ex
973 2570 1183 2637 Ericii
1214 2569 1493 2636 Puteani
1524 2573 1593 2636 in
1622 2568 1712 2649 Q.
1743 2568 2045 2635 Curtium
2079 2569 2507 2635 Praefatione.

653 2718 846 2783 Illam
907 2728 1127 2784 tamen
1190 2720 1594 2799 Historiam,
1651 2722 1813 2805 quia
1870 2720 2261 2785 Sallustium
2312 2720 2777 2805 Tacitumque

570 2840 782 2906 nuper
809 2822 1130 2905 explicui,
1161 2824 1232 2887 in
1263 2822 1498 2888 Curtio
1542 2843 1715 2889 nunc
1746 2842 2013 2907 quoque
2042 2824 2377 2906 experiar,
2408 2822 2608 2905 digno
2632 2842 2781 2887 me-

571 2923 845 2987 hercule
874 2925 1143 2988 auribus
1173 2927 1469 2990 omnium
1514 2937 1580 2991 et
1624 2927 1841 2991 oculis
1886 2925 2269 3007 Scriptor03
2318 2925 2437 3007 qui
2467 2942 2555 2987 an
2580 2924 2785 2987 facili

571 3024 1048 3088 sententiarum
1093 3027 1393 3087 acumine
1436 3027 1698 3091 erudiat
1750 3028 2049 3103 suaviuS,
2090 3045 2173 3089 an
2218 3024 2491 3089 mollitis
2518 3023 2785 3107 eloquii

567 3123 904 3188 illecebris
956 3123 1237 3188 delectet
1277 3125 1532 3199 utilius,
1578 3125 1731 3207 jure
1778 3126 2068 3189 dubites·
2178 3126 2319 3189 Suo
2352 3134 2423 3189 et
2450 3124 2645 3189 illius
2679 3127 2785 3189 in-

568 3224 767 3306 genio
799 3225 1020 3287 bonus
1063 3230 1164 3287 est
1206 3242 1401 3306 quem
1453 3225 1832 3308 descripsit,
1874 3232 1943 3289 et
1982 3244 2295 3307 magnum
2324 3226 2563 3290 iterum
2610 3227 2785 3292 fecit

569 3344 764 3409 quem
812 3324 1124 3388 celebrat.
1213 3322 1502 3388 Prorsus
1548 3324 1921 3390 Alexandri
1963 3326 2206 3391 famam
2258 3325 2523 3391 Curtius
2566 3330 2785 3392 susti-

565 3432 716 3491 net:
764 3424 1084 3509 quicquid
1115 3436 1365 3502 narrat,
1397 3426 1557 3507 quia
1586 3432 1741 3510 post
1768 3427 1970 3503 alios,
1998 3427 2358 3493 stabilivit:
2401 3434 2477 3491 ut
2520 3430 2781 3491 ceteris

570 3529 962 3604 crederetur,
1021 3525 1440 3603 Callistheni,
1502 3526 1912 3604 Aristobulo,
1967 3527 2365 3605 Ptolemaeo,
2423 3546 2596 3592 unus
2644 3529 2773 3593 ille

567 3629 762 3694 fecit:
807 3635 878 3692 et
925 3626 1122 3692 fidem
1167 3626 1398 3692 Graeci
1444 3630 1861 3709 invenerunt,
1917 3630 2082 3713 quia
2126 3630 2299 3694 idem
2345 3629 2524 3711 stylo
2570 3648 2780 3712 argu-

569 3741 863 3796 mentum
897 3728 1180 3794 Latinus
1205 3729 1525 3795 absolvit.
1616 3730 1711 3795 Ut
1742 3731 2019 3795 liberius
2064 3730 2316 3814 aliquid
2348 3729 2595 3806 dicam,
2630 3739 2778 3796 tam

568 3834 834 3914 elegans
885 3831 1306 3916 prudensque
1359 3832 1643 3914 scriptor
1690 3831 1985 3897 mendax
2032 3848 2188 3895 esse
2234 3849 2369 3894 non
2412 3833 2659 3912 potuit,
2706 3841 2783 3897 et

559 3930 703 4013 jam
747 3930 1076 3996 credimus
1120 3931 1440 4015 quicquid
1470 3931 1798 3997 Arrianus
1849 3931 2165 4012 tradidit3
2220 3931 2517 3995 Curtium
2570 3951 2779 3997 secu·

571 4042 680 4096 tus
709 4038 834 4096 est.
925 4032 1140 4095 Immo
1185 4032 1525 4097 credimus
1556 4031 1949 4099 Alexandro
1990 4032 2157 4096 nihil
2200 4032 2469 4097 difficile
2510 4032 2727 4101 fuisse
2758 4056 2777 4115 ;

569 4132 716 4199 fieri
747 4152 943 4215 posse
971 4132 1245 4198 Curtius
1275 4136 1554 4213 censuit,
1584 4142 1651 4201 et
1676 4134 1761 4201 ad
1794 4140 2103 4218 posteros
2129 4134 2525 4199 transmisit.

523 2772 562 2811 b
