2858 4782
621 901 1232 1020 ILLUSTRiUM
1277 955 1745 1024 varonum

814 1203 880 1292 J
920 1203 1009 1293 U
1045 1205 1142 1318 D
1177 1207 1228 1294 1
1262 1205 1352 1298 c
1386 1209 1437 1295 1
1471 1211 1561 1296 A

471 1493 649 1570 DE
772 1495 1274 1582 QUINTO
1396 1499 1921 1576 CURTIO.

263 1969 536 2037 Antonii
583 1970 992 2037 Panormitae
1035 1973 1104 2037 in
1151 1971 1453 2037 Facetiis
1498 1971 1832 2057 Alphonsi
1876 1973 2111 2058 Regis.

56 2111 58 2114 ’
187 2105 662 2174 AEcaorans‘r
694 2106 856 2174 Rex
884 2107 1162 2194 Capuae‚
1209 2117 1281 2174 et
1309 2108 1503 2174 multi
1530 2109 1749 2173 multa
1774 2127 1902 2192 pro
1934 2127 2061 2173 sno
2092 2112 2279 2192 quis-

133 2224 230 2286 que
255 2207 512 2289 ingenio
555 2227 638 2274 ac
682 2209 910 2276 studio
950 2210 1437 2276 oblectamenta
1475 2229 1557 2274 ac
1588 2228 1867 2274 munera
1897 2229 2076 2294 aegro
2106 2210 2283 2294 Regi

133 2324 250 2370 cum
274 2310 762 2393 excogitarent,
790 2329 916 2394 ego
959 2331 1235 2396 qnoque
1263 2331 1356 2376 ex
1385 2309 1625 2380 Caieta
1652 2311 2023 2376 accersitus
2052 2312 2283 2376 statim
2334 2364 2341 2376 .
2400 2372 2403 2379 .

56 2408 58 2421 '
133 2408 410 2487 advolavi,
439 2410 754 2481 deferens
781 2420 855 2476 et
883 2413 1033 2497 ipse
1055 2433 1316 2479 mecum
1346 2414 1641 2479 fomenta
1660 2418 1726 2479 et
1745 2413 2041 2479 medelas
2072 2432 2282 2491 meas,

56 2578 58 2583 ,
131 2508 228 2574 hoc
251 2519 348 2577 est
369 2512 664 2591 libelloS,
707 2532 884 2597 quos
926 2514 1374 2597 intelligebam
1422 2510 1524 2581 illi
1571 2534 1771 2600 quam
1800 2515 2113 2581 maxime
2133 2516 2281 2600 pla-

131 2611 356 2689 cituros,
384 2615 455 2678 in
493 2614 744 2697 quibus
789 2612 879 2693 Q.
928 2615 1257 2697 Curtium,
1302 2619 1505 2685 bonis
1541 2617 1652 2705 (ut
1695 2614 1915 2703 aiunt)
1958 2620 2285 2703 auspiciis

133 2710 567 2793 exhibendum,
595 2715 892 2783 exhibui.
2270 2789 2319 2833 '

249 2895 346 2961 Ex
379 2898 864 2963 Bai-tholomaei
897 2898 1181 2965 Merulae
1215 2898 1525 2983 Epistola
1555 2896 1791 2963 Curtio
1822 2866 2140 3001 praefixa.⁴

56 3048 58 3083 ι
189 3026 341 3092 Tum
395 3030 488 3095 de
549 3030 988 3115 imperatoria
1022 3033 1272 3098 virtute
1316 3032 1497 3096 ultro
1540 3030 1845 3112 citroque
1888 3030 2099 3095 multa
2142 3047 2281 3095 ver-

56 3116 58 3147 *
133 3124 196 3191 ba
251 3128 553 3196 fecimus.
665 3128 1266 3213 Alexandrumque
1339 3128 1534 3193 illum
1610 3128 2088 3211 Macedonem,
2161 3132 2285 3215 qui

134 3224 338 3294 Rerum
379 3238 715 3315 gestarum
767 3231 984 3313 gloria
1026 3232 1250 3314 magni
1299 3250 1669 3313 cognomen
1712 3233 1847 3297 sibi
1891 3233 2281 3310 vindicavit,

56 3334 58 3337 ’
127 3327 334 3407 judicio
360 3333 774 3398 Hannibalis
811 3332 1097 3397 ducibus
1143 3334 1400 3399 cunctis
1447 3334 1927 3417 praeferendum
1974 3334 2281 3399 arbitrati

56 3448 58 3451 ’
133 3448 337 3497 sumus.
422 3434 776 3519 Siquidem
805 3434 876 3498 in
898 3453 984 3499 eo
1013 3434 1220 3499 fnisse
1235 3434 1635 3519 collegimus
1661 3442 1950 3520 quatuor
1978 3435 2097 3500 illa
2124 3454 2281 3518 quae

56 3524 58 3535 ἶ
132 3530 182 3591 in
215 3537 849 3623 consummatissimo
896 3535 1304 3619 Imperatore
1351 3554 1491 3602 non
1534 3534 1897 3601 desiderari
1950 3536 2281 3619 scripsere

56 3648 58 3667 ²
134 3630 616 3715 eloquentissimi
647 3637 816 3719 viri3
862 3636 1218 3702 scientiam
1267 3638 1526 3704 scilicet
1569 3636 1669 3702 rei
1702 3636 2037 3714 militaris,
2069 3636 2281 3700 virtu-

56 3772 58 3781 ι
135 3736 254 3811 tem,
281 3738 767 3815 anctoritatem,
811 3758 894 3804 ac
919 3739 1338 3804 felicitatem.
1425 3739 1737 3823 Cumque
1764 3738 1917 3823 ejus
1947 3736 2092 3803 Res
2122 3758 2275 3821 ges-

135 3840 210 3896 tas
233 3855 272 3901 a
295 3836 380 3916 Q.
409 3838 648 3904 Curtio
677 3840 1172 3921 elegantissime
1215 3841 1631 3925 conscriptas
1660 3840 1781 3905 tibi
1824 3840 2117 3905 breviter
2157 3860 2280 3905 ex-

136 3939 486 4017 posuissem,
533 3940 855 4005 exarsisti
900 3941 1280 4008 incredibili
1322 3942 1613 4026 quadam
1660 3940 1980 4025 cupidine
2010 3942 2277 4026 legendi

136 4032 591 4107 luculentissimi
620 4042 994 4125 Scriptoris
1021 4042 1424 4111 Historiam.
1511 4041 1821 4109 Ceterum
1854 4043 2175 4129 quoniam
2205 4045 2277 4108 in

139 4151 197 4199 eo
218 4138 360 4207 loca
383 4144 596 4209 multa
637 4143 1006 4228 depravata
1033 4143 1458 4223 ‘offendera8,
1508 4142 1859 4229 injunxisti
1889 4149 1961 4211 tu
1990 4146 2176 4223 mihi,
2204 4150 2281 4211 ut

229 4254 384 4320 »ειμι
399 4264 444 4315 ee
471 4262 592 4311 var.
613 4258 747 4310 σιω.
1083 4258 1147 4314 Q.
1173 4259 1314 4309 cm.
2093 4260 2139 4307 n
2798 4230 2800 4277 ³
