<?xml version="1.0" encoding="UTF-8"?>
<!DOCTYPE html PUBLIC "-//W3C//DTD XHTML 1.0 Transitional//EN"
    "http://www.w3.org/TR/xhtml1/DTD/xhtml1-transitional.dtd">
<html xmlns="http://www.w3.org/1999/xhtml" xml:lang="en" lang="en">
 <head>
  <title>
</title>
<meta http-equiv="Content-Type" content="text/html;charset=utf-8" />
  <meta name='ocr-system' content='tesseract 3.04.00' />
  <meta name='ocr-capabilities' content='ocr_page ocr_carea ocr_par ocr_line ocrx_word'/>
</head>
<body>
  <div class='ocr_page' id='page_1' title='image "./quinticurtirufi00freigoog_0021.png"; bbox 0 0 2858 4782; ppageno 0'>
   <div class='ocr_carea' id='block_1_1' title="bbox 469 289 1784 355">
    <p class='ocr_par' dir='ltr' id='par_1_1' title="bbox 469 289 1784 355">
     <span class='ocr_line' id='line_1_1' title="bbox 469 289 1784 355; baseline -0.005 0"><span class='ocrx_word' id='word_1_1' title='bbox 469 289 514 355; x_wconf 80' lang='lat'>8</span> <span class='ocrx_word' id='word_1_2' title='bbox 1339 299 1784 351; x_wconf 71' lang='lat' dir='ltr'><strong>rnooemun.</strong></span> 
     </span>
    </p>
   </div>
   <div class='ocr_carea' id='block_1_2' title="bbox 469 443 2780 3659">
    <p class='ocr_par' dir='ltr' id='par_1_2' title="bbox 469 443 2780 3659">
     <span class='ocr_line' id='line_1_2' title="bbox 471 443 2665 529; baseline -0.003 -15"><span class='ocrx_word' id='word_1_3' title='bbox 471 451 766 514; x_wconf 79' lang='lat' dir='ltr'><strong>creatum</strong></span> <span class='ocrx_word' id='word_1_4' title='bbox 787 445 1086 512; x_wconf 82' lang='lat' dir='ltr'><strong>victoriis</strong></span> <span class='ocrx_word' id='word_1_5' title='bbox 1111 443 1293 510; x_wconf 83' lang='lat' dir='ltr'><strong>brevi</strong></span> <span class='ocrx_word' id='word_1_6' title='bbox 1323 443 1883 527; x_wconf 78' lang='lat' dir='ltr'><strong>temporeomnia</strong></span> <span class='ocrx_word' id='word_1_7' title='bbox 1916 461 2231 526; x_wconf 81' lang='lat' dir='ltr'><strong>pacasse,</strong></span> <span class='ocrx_word' id='word_1_8' title='bbox 2248 444 2517 529; x_wconf 77' lang='lat' dir='ltr'><strong>sibique</strong></span> <span class='ocrx_word' id='word_1_9' title='bbox 2534 445 2665 510; x_wconf 86' lang='lat' dir='ltr'><strong>nni</strong></span> 
     </span>
     <span class='ocr_line' id='line_1_3' title="bbox 469 544 2665 632; baseline -0.001 -18"><span class='ocrx_word' id='word_1_10' title='bbox 469 549 862 632; x_wconf 69' lang='lat' dir='ltr'><strong>subjecisse.</strong></span> <span class='ocrx_word' id='word_1_11' title='bbox 948 548 1066 614; x_wconf 84' lang='lat' dir='ltr'><strong>Sic</strong></span> <span class='ocrx_word' id='word_1_12' title='bbox 1109 563 1282 630; x_wconf 88' lang='lat' dir='ltr'><strong>pace</strong></span> <span class='ocrx_word' id='word_1_13' title='bbox 1321 545 1654 623; x_wconf 79' lang='lat' dir='ltr'><strong>restituta,</strong></span> <span class='ocrx_word' id='word_1_14' title='bbox 1704 544 1927 627; x_wconf 78' lang='lat' dir='ltr'><strong>legum</strong></span> <span class='ocrx_word' id='word_1_15' title='bbox 1966 545 2324 612; x_wconf 82' lang='lat' dir='ltr'><strong>severitate</strong></span> <span class='ocrx_word' id='word_1_16' title='bbox 2368 547 2665 623; x_wconf 82' lang='lat' dir='ltr'><strong>firmata,</strong></span> 
     </span>
     <span class='ocr_line' id='line_1_4' title="bbox 469 645 2667 732; baseline 0 -18"><span class='ocrx_word' id='word_1_17' title='bbox 469 650 802 714; x_wconf 84' lang='lat' dir='ltr'><strong>literarum</strong></span> <span class='ocrx_word' id='word_1_18' title='bbox 831 649 1072 716; x_wconf 82' lang='lat' dir='ltr'><strong>studiis</strong></span> <span class='ocrx_word' id='word_1_19' title='bbox 1100 647 1676 724; x_wconf 75' lang='lat' dir='ltr'><strong>reviviscentibus,</strong></span> <span class='ocrx_word' id='word_1_20' title='bbox 1704 645 1958 713; x_wconf 77' lang='lat' dir='ltr'><strong>factum</strong></span> <span class='ocrx_word' id='word_1_21' title='bbox 1986 665 2159 724; x_wconf 85' lang='lat' dir='ltr'><strong>esse,</strong></span> <span class='ocrx_word' id='word_1_22' title='bbox 2201 652 2278 713; x_wconf 89' lang='lat' dir='ltr'><strong>ut</strong></span> <span class='ocrx_word' id='word_1_23' title='bbox 2304 648 2667 732; x_wconf 82' lang='lat' dir='ltr'><strong>imperinm</strong></span> 
     </span>
     <span class='ocr_line' id='line_1_5' title="bbox 471 747 2665 827; baseline -0.001 -10"><span class='ocrx_word' id='word_1_24' title='bbox 471 769 606 817; x_wconf 84' lang='lat' dir='ltr'><strong>non</strong></span> <span class='ocrx_word' id='word_1_25' title='bbox 631 751 1061 816; x_wconf 72' lang='lat' dir='ltr'><strong>reviresceret</strong></span> <span class='ocrx_word' id='word_1_26' title='bbox 1089 748 1334 827; x_wconf 87' lang='lat' dir='ltr'><strong>solnm,</strong></span> <span class='ocrx_word' id='word_1_27' title='bbox 1361 747 1483 814; x_wconf 87' lang='lat' dir='ltr'><strong>sed</strong></span> <span class='ocrx_word' id='word_1_28' title='bbox 1510 748 1721 812; x_wconf 85' lang='lat' dir='ltr'><strong>etiam</strong></span> <span class='ocrx_word' id='word_1_29' title='bbox 1748 747 2027 814; x_wconf 86' lang='lat' dir='ltr'><strong>floreret.</strong></span> <span class='ocrx_word' id='word_1_30' title='bbox 2091 749 2261 816; x_wconf 83' lang='lat' dir='ltr'><strong>Tres</strong></span> <span class='ocrx_word' id='word_1_31' title='bbox 2288 770 2445 816; x_wconf 84' lang='lat' dir='ltr'><strong>eum</strong></span> <span class='ocrx_word' id='word_1_32' title='bbox 2470 749 2665 814; x_wconf 71' lang='lat' dir='ltr'><strong>tilios</strong></span> 
     </span>
     <span class='ocr_line' id='line_1_6' title="bbox 472 848 2673 934; baseline -0 -18"><span class='ocrx_word' id='word_1_33' title='bbox 472 851 850 934; x_wconf 73' lang='lat' dir='ltr'><strong>reliquisse,</strong></span> <span class='ocrx_word' id='word_1_34' title='bbox 877 849 1418 927; x_wconf 83' lang='lat' dir='ltr'><strong>Constantinum,</strong></span> <span class='ocrx_word' id='word_1_35' title='bbox 1463 848 1927 914; x_wconf 84' lang='lat' dir='ltr'><strong>Constantium</strong></span> <span class='ocrx_word' id='word_1_36' title='bbox 1954 859 2028 914; x_wconf 85' lang='lat' dir='ltr'><strong>et</strong></span> <span class='ocrx_word' id='word_1_37' title='bbox 2054 849 2520 930; x_wconf 76' lang='lat' dir='ltr'><strong>Constantem,</strong></span> <span class='ocrx_word' id='word_1_38' title='bbox 2556 856 2673 915; x_wconf 84' lang='lat' dir='ltr'><strong>at·</strong></span> 
     </span>
     <span class='ocr_line' id='line_1_7' title="bbox 473 951 2780 1039; baseline 0.001 -22"><span class='ocrx_word' id='word_1_39' title='bbox 473 971 602 1036; x_wconf 82' lang='lat' dir='ltr'><strong>que</strong></span> <span class='ocrx_word' id='word_1_40' title='bbox 631 952 858 1034; x_wconf 89' lang='lat' dir='ltr'><strong>plures</strong></span> <span class='ocrx_word' id='word_1_41' title='bbox 903 951 1336 1035; x_wconf 85' lang='lat' dir='ltr'><strong>propinquos,</strong></span> <span class='ocrx_word' id='word_1_42' title='bbox 1383 970 1579 1016; x_wconf 86' lang='lat' dir='ltr'><strong>nemo</strong></span> <span class='ocrx_word' id='word_1_43' title='bbox 1606 951 2109 1018; x_wconf 62' lang='lat' dir='ltr'><strong>nescit-Haec</strong></span> <span class='ocrx_word' id='word_1_44' title='bbox 2134 953 2534 1039; x_wconf 86' lang='lat' dir='ltr'><strong>conjectura</strong></span> <span class='ocrx_word' id='word_1_45' title='bbox 2560 971 2677 1016; x_wconf 82' lang='lat' dir='ltr'><strong>re-</strong></span> <span class='ocrx_word' id='word_1_46' title='bbox 2772 1017 2780 1020; x_wconf 84' lang='grc'>.</span> 
     </span>
     <span class='ocr_line' id='line_1_8' title="bbox 474 1051 2679 1146; baseline 0.001 -30"><span class='ocrx_word' id='word_1_47' title='bbox 474 1051 866 1118; x_wconf 67' lang='lat' dir='ltr'><strong>cautissimo</strong></span> <span class='ocrx_word' id='word_1_48' title='bbox 893 1051 1130 1118; x_wconf 86' lang='lat' dir='ltr'><strong>editori</strong></span> <span class='ocrx_word' id='word_1_49' title='bbox 1157 1052 1666 1118; x_wconf 82' lang='lat' dir='ltr'><strong>verosimillima</strong></span> <span class='ocrx_word' id='word_1_50' title='bbox 1692 1051 1983 1146; x_wconf 76' lang='lat' dir='ltr'><strong>videtur,</strong></span> <span class='ocrx_word' id='word_1_51' title='bbox 2012 1054 2134 1118; x_wconf 87' lang='lat' dir='ltr'><strong>sed</strong></span> <span class='ocrx_word' id='word_1_52' title='bbox 2183 1055 2335 1136; x_wconf 84' lang='lat' dir='ltr'><strong>ipsa</strong></span> <span class='ocrx_word' id='word_1_53' title='bbox 2370 1072 2679 1138; x_wconf 76' lang='lat' dir='ltr'><strong>qunque,</strong></span> 
     </span>
     <span class='ocr_line' id='line_1_9' title="bbox 473 1151 2677 1247; baseline 0 -29"><span class='ocrx_word' id='word_1_54' title='bbox 473 1172 632 1237; x_wconf 71' lang='lat' dir='ltr'><strong>qum</strong></span> <span class='ocrx_word' id='word_1_55' title='bbox 677 1151 1068 1236; x_wconf 80' lang='lat' dir='ltr'><strong>reprehendi</strong></span> <span class='ocrx_word' id='word_1_56' title='bbox 1117 1154 1398 1236; x_wconf 82' lang='lat' dir='ltr'><strong>possint,</strong></span> <span class='ocrx_word' id='word_1_57' title='bbox 1448 1155 1670 1220; x_wconf 84' lang='lat' dir='ltr'><strong>habet.</strong></span> <span class='ocrx_word' id='word_1_58' title='bbox 1774 1154 2263 1247; x_wconf 80' lang='lat' dir='ltr'><strong>Constantinus</strong></span> <span class='ocrx_word' id='word_1_59' title='bbox 2312 1155 2677 1238; x_wconf 77' lang='lat' dir='ltr'><strong>Aug-ustus</strong></span> 
     </span>
     <span class='ocr_line' id='line_1_10' title="bbox 479 1254 2681 1340; baseline 0 -20"><span class='ocrx_word' id='word_1_60' title='bbox 479 1254 862 1338; x_wconf 84' lang='lat' dir='ltr'><strong>appellatus</strong></span> <span class='ocrx_word' id='word_1_61' title='bbox 914 1259 1018 1318; x_wconf 84' lang='lat' dir='ltr'><strong>est</strong></span> <span class='ocrx_word' id='word_1_62' title='bbox 1066 1271 1238 1320; x_wconf 88' lang='lat' dir='ltr'><strong>anno</strong></span> <span class='ocrx_word' id='word_1_63' title='bbox 1286 1263 1449 1340; x_wconf 83' lang='lat' dir='ltr'><strong>post</strong></span> <span class='ocrx_word' id='word_1_64' title='bbox 1499 1255 1654 1322; x_wconf 86' lang='lat' dir='ltr'><strong>Chr.</strong></span> <span class='ocrx_word' id='word_1_65' title='bbox 1702 1277 1769 1322; x_wconf 88' lang='lat' dir='ltr'><strong>n.</strong></span> <span class='ocrx_word' id='word_1_66' title='bbox 1796 1256 1950 1321; x_wconf 78' lang='lat'><strong>306.</strong></span> <span class='ocrx_word' id='word_1_67' title='bbox 2036 1254 2239 1320; x_wconf 86' lang='lat' dir='ltr'><strong>Solus</strong></span> <span class='ocrx_word' id='word_1_68' title='bbox 2294 1255 2681 1340; x_wconf 84' lang='lat' dir='ltr'><strong>Imperator</strong></span> 
     </span>
     <span class='ocr_line' id='line_1_11' title="bbox 473 1355 2685 1440; baseline -0 -18"><span class='ocrx_word' id='word_1_69' title='bbox 473 1356 700 1422; x_wconf 80' lang='lat' dir='ltr'><strong>factus</strong></span> <span class='ocrx_word' id='word_1_70' title='bbox 726 1361 882 1439; x_wconf 80' lang='lat' dir='ltr'><strong>post</strong></span> <span class='ocrx_word' id='word_1_71' title='bbox 911 1355 1133 1420; x_wconf 84' lang='lat' dir='ltr'><strong>Licini-</strong></span> <span class='ocrx_word' id='word_1_72' title='bbox 1158 1363 1441 1440; x_wconf 82' lang='lat' dir='ltr'><strong>mortem</strong></span> <span class='ocrx_word' id='word_1_73' title='bbox 1470 1356 1559 1422; x_wconf 79' lang='lat' dir='ltr'><strong>A.</strong></span> <span class='ocrx_word' id='word_1_74' title='bbox 1580 1357 1738 1425; x_wconf 73' lang='lat'><strong>328.</strong></span> <span class='ocrx_word' id='word_1_75' title='bbox 1825 1361 1848 1392; x_wconf 91' lang='lat'>‘</span> <span class='ocrx_word' id='word_1_76' title='bbox 1872 1355 2197 1421; x_wconf 80' lang='lat' dir='ltr'><strong>Subitane</strong></span> <span class='ocrx_word' id='word_1_77' title='bbox 2218 1356 2237 1386; x_wconf 88' lang='lat'>’</span> <span class='ocrx_word' id='word_1_78' title='bbox 2276 1357 2481 1439; x_wconf 82' lang='lat' dir='ltr'><strong>igitur</strong></span> <span class='ocrx_word' id='word_1_79' title='bbox 2522 1359 2548 1390; x_wconf 89' lang='lat'>‘</span> <span class='ocrx_word' id='word_1_80' title='bbox 2566 1375 2685 1421; x_wconf 89' lang='lat' dir='ltr'><strong>se-</strong></span> 
     </span>
     <span class='ocr_line' id='line_1_12' title="bbox 473 1454 2678 1542; baseline 0 -22"><span class='ocrx_word' id='word_1_81' title='bbox 473 1456 723 1534; x_wconf 68' lang='lat' dir='ltr'><strong>mitas</strong></span> <span class='ocrx_word' id='word_1_82' title='bbox 743 1454 763 1482; x_wconf 86' lang='lat'>’</span> <span class='ocrx_word' id='word_1_83' title='bbox 805 1456 1136 1540; x_wconf 85' lang='lat' dir='ltr'><strong>appellari</strong></span> <span class='ocrx_word' id='word_1_84' title='bbox 1185 1465 1435 1541; x_wconf 85' lang='lat' dir='ltr'><strong>potest,</strong></span> <span class='ocrx_word' id='word_1_85' title='bbox 1480 1477 1639 1542; x_wconf 77' lang='lat' dir='ltr'><strong>quae</strong></span> <span class='ocrx_word' id='word_1_86' title='bbox 1676 1463 1839 1542; x_wconf 87' lang='lat' dir='ltr'><strong>post</strong></span> <span class='ocrx_word' id='word_1_87' title='bbox 1890 1472 2089 1522; x_wconf 82' lang='lat' dir='ltr'><strong>xvu.</strong></span> <span class='ocrx_word' id='word_1_88' title='bbox 2130 1455 2401 1522; x_wconf 83' lang='lat' dir='ltr'><strong>tandem</strong></span> <span class='ocrx_word' id='word_1_89' title='bbox 2446 1473 2678 1522; x_wconf 84' lang='lat' dir='ltr'><strong>annos</strong></span> 
     </span>
     <span class='ocr_line' id='line_1_13' title="bbox 483 1556 2685 1640; baseline -0.001 -16"><span class='ocrx_word' id='word_1_90' title='bbox 483 1563 948 1640; x_wconf 70' lang='lat' dir='ltr'><strong>tempestatem</strong></span> <span class='ocrx_word' id='word_1_91' title='bbox 991 1556 1316 1626; x_wconf 77' lang='lat' dir='ltr'><strong>discussit</strong></span> <span class='ocrx_word' id='word_1_92' title='bbox 1331 1559 1362 1623; x_wconf 74' lang='lat' dir='ltr'><strong>‘i</strong></span> <span class='ocrx_word' id='word_1_93' title='bbox 1447 1565 1474 1595; x_wconf 78' lang='lat'>‘</span> <span class='ocrx_word' id='word_1_94' title='bbox 1501 1559 1717 1625; x_wconf 89' lang='lat' dir='ltr'><strong>Faces</strong></span> <span class='ocrx_word' id='word_1_95' title='bbox 1758 1558 2150 1634; x_wconf 77' lang='lat' dir='ltr'><strong>extinxisse,</strong></span> <span class='ocrx_word' id='word_1_96' title='bbox 2195 1556 2461 1640; x_wconf 81' lang='lat' dir='ltr'><strong>gladios</strong></span> <span class='ocrx_word' id='word_1_97' title='bbox 2510 1577 2685 1622; x_wconf 78' lang='lat' dir='ltr'><strong>con-</strong></span> 
     </span>
     <span class='ocr_line' id='line_1_14' title="bbox 479 1658 2683 1744; baseline -0.001 -19"><span class='ocrx_word' id='word_1_98' title='bbox 479 1658 733 1726; x_wconf 75' lang='lat' dir='ltr'><strong>didisse</strong></span> <span class='ocrx_word' id='word_1_99' title='bbox 757 1659 778 1686; x_wconf 88' lang='lat'>’</span> <span class='ocrx_word' id='word_1_100' title='bbox 822 1661 886 1724; x_wconf 86' lang='lat' dir='ltr'><strong>is</strong></span> <span class='ocrx_word' id='word_1_101' title='bbox 927 1665 1188 1725; x_wconf 86' lang='lat' dir='ltr'><strong>tantum·</strong></span> <span class='ocrx_word' id='word_1_102' title='bbox 1209 1661 1350 1725; x_wconf 87' lang='lat' dir='ltr'><strong>dici</strong></span> <span class='ocrx_word' id='word_1_103' title='bbox 1377 1679 1582 1744; x_wconf 84' lang='lat' dir='ltr'><strong>posse</strong></span> <span class='ocrx_word' id='word_1_104' title='bbox 1612 1659 2072 1742; x_wconf 83' lang='lat' dir='ltr'><strong>videtur,‘qui</strong></span> <span class='ocrx_word' id='word_1_105' title='bbox 2100 1658 2350 1723; x_wconf 82' lang='lat' dir='ltr'><strong>salubri</strong></span> <span class='ocrx_word' id='word_1_106' title='bbox 2378 1659 2683 1736; x_wconf 81' lang='lat' dir='ltr'><strong>ratione,</strong></span> 
     </span>
     <span class='ocr_line' id='line_1_15' title="bbox 477 1757 2689 1842; baseline -0.001 -18"><span class='ocrx_word' id='word_1_107' title='bbox 477 1778 564 1824; x_wconf 85' lang='lat' dir='ltr'><strong>ne</strong></span> <span class='ocrx_word' id='word_1_108' title='bbox 589 1760 846 1826; x_wconf 86' lang='lat' dir='ltr'><strong>bellum</strong></span> <span class='ocrx_word' id='word_1_109' title='bbox 881 1759 1024 1841; x_wconf 84' lang='lat' dir='ltr'><strong>jam</strong></span> <span class='ocrx_word' id='word_1_110' title='bbox 1051 1767 1364 1842; x_wconf 86' lang='lat' dir='ltr'><strong>paratum</strong></span> <span class='ocrx_word' id='word_1_111' title='bbox 1391 1768 1678 1842; x_wconf 82' lang='lat' dir='ltr'><strong>geratur,</strong></span> <span class='ocrx_word' id='word_1_112' title='bbox 1706 1768 1931 1825; x_wconf 85' lang='lat' dir='ltr'><strong>cavet.</strong></span> <span class='ocrx_word' id='word_1_113' title='bbox 2015 1757 2202 1837; x_wconf 80' lang='lat' dir='ltr'><strong>Quot</strong></span> <span class='ocrx_word' id='word_1_114' title='bbox 2233 1776 2395 1824; x_wconf 86' lang='lat' dir='ltr'><strong>vero</strong></span> <span class='ocrx_word' id='word_1_115' title='bbox 2424 1759 2689 1842; x_wconf 69' lang='lat' dir='ltr'><strong>proelia</strong></span> 
     </span>
     <span class='ocr_line' id='line_1_16' title="bbox 475 1857 2689 1944; baseline 0 -20"><span class='ocrx_word' id='word_1_116' title='bbox 475 1858 819 1924; x_wconf 79' lang='lat' dir='ltr'><strong>commisit</strong></span> <span class='ocrx_word' id='word_1_117' title='bbox 847 1857 1346 1936; x_wconf 73' lang='lat' dir='ltr'><strong>Constantinus,</strong></span> <span class='ocrx_word' id='word_1_118' title='bbox 1371 1867 1729 1942; x_wconf 85' lang='lat' dir='ltr'><strong>antequam</strong></span> <span class='ocrx_word' id='word_1_119' title='bbox 1760 1858 2139 1944; x_wconf 77' lang='lat' dir='ltr'><strong>Imperator</strong></span> <span class='ocrx_word' id='word_1_120' title='bbox 2169 1867 2314 1924; x_wconf 83' lang='lat' dir='ltr'><strong>erat</strong></span> <span class='ocrx_word' id='word_1_121' title='bbox 2342 1859 2531 1924; x_wconf 80' lang='lat' dir='ltr'><strong>solus</strong></span> <span class='ocrx_word' id='word_1_122' title='bbox 2548 1860 2689 1924; x_wconf 74' lang='lat' dir='ltr'><strong>‘t—</strong></span> 
     </span>
     <span class='ocr_line' id='line_1_17' title="bbox 481 1958 2688 2044; baseline -0 -20"><span class='ocrx_word' id='word_1_123' title='bbox 481 1958 924 2042; x_wconf 80' lang='lat' dir='ltr'><strong>Reliquarum</strong></span> <span class='ocrx_word' id='word_1_124' title='bbox 953 1961 1425 2044; x_wconf 78' lang='lat' dir='ltr'><strong>sententiarum</strong></span> <span class='ocrx_word' id='word_1_125' title='bbox 1448 1961 1627 2026; x_wconf 83' lang='lat' dir='ltr'><strong>nulla</strong></span> <span class='ocrx_word' id='word_1_126' title='bbox 1648 1959 2053 2026; x_wconf 80' lang='lat' dir='ltr'><strong>firmioribus</strong></span> <span class='ocrx_word' id='word_1_127' title='bbox 2076 1961 2302 2028; x_wconf 87' lang='lat' dir='ltr'><strong>nititur</strong></span> <span class='ocrx_word' id='word_1_128' title='bbox 2330 1977 2688 2042; x_wconf 73' lang='lat' dir='ltr'><strong>argu-en·-</strong></span> 
     </span>
     <span class='ocr_line' id='line_1_18' title="bbox 481 2058 2690 2144; baseline 0 -20"><span class='ocrx_word' id='word_1_129' title='bbox 481 2058 597 2137; x_wconf 84' lang='lat' dir='ltr'><strong>tis,</strong></span> <span class='ocrx_word' id='word_1_130' title='bbox 625 2059 918 2143; x_wconf 85' lang='lat' dir='ltr'><strong>indeque</strong></span> <span class='ocrx_word' id='word_1_131' title='bbox 948 2066 1220 2126; x_wconf 75' lang='lat' dir='ltr'><strong>aetatem</strong></span> <span class='ocrx_word' id='word_1_132' title='bbox 1251 2059 1467 2126; x_wconf 88' lang='lat' dir='ltr'><strong>Curtii</strong></span> <span class='ocrx_word' id='word_1_133' title='bbox 1492 2062 1785 2144; x_wconf 80' lang='lat' dir='ltr'><strong>ignorari</strong></span> <span class='ocrx_word' id='word_1_134' title='bbox 1826 2062 2051 2144; x_wconf 86' lang='lat' dir='ltr'><strong>palam</strong></span> <span class='ocrx_word' id='word_1_135' title='bbox 2080 2067 2204 2126; x_wconf 86' lang='lat' dir='ltr'><strong>est.</strong></span> <span class='ocrx_word' id='word_1_136' title='bbox 2294 2059 2458 2126; x_wconf 84' lang='lat' dir='ltr'><strong>Non</strong></span> <span class='ocrx_word' id='word_1_137' title='bbox 2496 2079 2690 2124; x_wconf 76' lang='lat' dir='ltr'><strong>nnus</strong></span> 
     </span>
     <span class='ocr_line' id='line_1_19' title="bbox 485 2159 2687 2246; baseline -0.001 -20"><span class='ocrx_word' id='word_1_138' title='bbox 485 2159 574 2239; x_wconf 81' lang='lat' dir='ltr'><strong>Q.</strong></span> <span class='ocrx_word' id='word_1_139' title='bbox 603 2159 884 2225; x_wconf 74' lang='lat' dir='ltr'><strong>Curtius</strong></span> <span class='ocrx_word' id='word_1_140' title='bbox 911 2159 1136 2226; x_wconf 82' lang='lat' dir='ltr'><strong>Rufus</strong></span> <span class='ocrx_word' id='word_1_141' title='bbox 1164 2161 1416 2246; x_wconf 87' lang='lat' dir='ltr'><strong>passim</strong></span> <span class='ocrx_word' id='word_1_142' title='bbox 1446 2160 1630 2246; x_wconf 84' lang='lat' dir='ltr'><strong>apud</strong></span> <span class='ocrx_word' id='word_1_143' title='bbox 1663 2167 1917 2232; x_wconf 81' lang='lat' dir='ltr'><strong>veteres</strong></span> <span class='ocrx_word' id='word_1_144' title='bbox 1958 2168 2531 2236; x_wconf 79' lang='lat' dir='ltr'><strong>commemoratur,</strong></span> <span class='ocrx_word' id='word_1_145' title='bbox 2578 2179 2687 2224; x_wconf 84' lang='lat' dir='ltr'><strong>ex</strong></span> 
     </span>
     <span class='ocr_line' id='line_1_20' title="bbox 475 2259 2687 2343; baseline -0.001 -17"><span class='ocrx_word' id='word_1_146' title='bbox 475 2279 768 2343; x_wconf 83' lang='lat' dir='ltr'><strong>quorum</strong></span> <span class='ocrx_word' id='word_1_147' title='bbox 796 2281 1074 2330; x_wconf 82' lang='lat' dir='ltr'><strong>numero</strong></span> <span class='ocrx_word' id='word_1_148' title='bbox 1103 2269 1322 2327; x_wconf 81' lang='lat' dir='ltr'><strong>utrum</strong></span> <span class='ocrx_word' id='word_1_149' title='bbox 1351 2261 1603 2328; x_wconf 82' lang='lat' dir='ltr'><strong>Noster</strong></span> <span class='ocrx_word' id='word_1_150' title='bbox 1628 2262 1847 2340; x_wconf 86' lang='lat' dir='ltr'><strong>fuerit,</strong></span> <span class='ocrx_word' id='word_1_151' title='bbox 1875 2263 2196 2326; x_wconf 82' lang='lat' dir='ltr'><strong>incertum</strong></span> <span class='ocrx_word' id='word_1_152' title='bbox 2226 2268 2372 2342; x_wconf 61' lang='grc' dir='ltr'><strong>θεῖς</strong></span> <span class='ocrx_word' id='word_1_153' title='bbox 2400 2260 2483 2325; x_wconf 89' lang='lat' dir='ltr'><strong>de</strong></span> <span class='ocrx_word' id='word_1_154' title='bbox 2504 2259 2687 2325; x_wconf 78' lang='lat' dir='ltr'><strong>Cur-‹—</strong></span> 
     </span>
     <span class='ocr_line' id='line_1_21' title="bbox 479 2361 2689 2432; baseline 0 -7"><span class='ocrx_word' id='word_1_155' title='bbox 479 2364 580 2425; x_wconf 85' lang='lat' dir='ltr'><strong>tio</strong></span> <span class='ocrx_word' id='word_1_156' title='bbox 611 2362 969 2429; x_wconf 84' lang='lat' dir='ltr'><strong>Historico</strong></span> <span class='ocrx_word' id='word_1_157' title='bbox 1001 2371 1154 2429; x_wconf 86' lang='lat' dir='ltr'><strong>ante</strong></span> <span class='ocrx_word' id='word_1_158' title='bbox 1177 2363 1511 2429; x_wconf 71' lang='lat' dir='ltr'><strong>saeculum</strong></span> <span class='ocrx_word' id='word_1_159' title='bbox 1538 2364 1873 2432; x_wconf 87' lang='lat' dir='ltr'><strong>decimum</strong></span> <span class='ocrx_word' id='word_1_160' title='bbox 1902 2363 2128 2428; x_wconf 82' lang='lat' dir='ltr'><strong>ubivis</strong></span> <span class='ocrx_word' id='word_1_161' title='bbox 2178 2369 2291 2427; x_wconf 86' lang='lat' dir='ltr'><strong>est</strong></span> <span class='ocrx_word' id='word_1_162' title='bbox 2333 2361 2545 2428; x_wconf 83' lang='lat' dir='ltr'><strong>altum</strong></span> <span class='ocrx_word' id='word_1_163' title='bbox 2584 2363 2689 2427; x_wconf 64' lang='lat' dir='ltr'><strong>sie-</strong></span> 
     </span>
     <span class='ocr_line' id='line_1_22' title="bbox 485 2462 2689 2548; baseline 0 -21"><span class='ocrx_word' id='word_1_164' title='bbox 485 2462 786 2527; x_wconf 79' lang='lat' dir='ltr'><strong>lentium.</strong></span> <span class='ocrx_word' id='word_1_165' title='bbox 872 2464 1046 2531; x_wconf 86' lang='lat' dir='ltr'><strong>Inde</strong></span> <span class='ocrx_word' id='word_1_166' title='bbox 1091 2466 1340 2533; x_wconf 80' lang='lat' dir='ltr'><strong>factum</strong></span> <span class='ocrx_word' id='word_1_167' title='bbox 1369 2474 1499 2543; x_wconf 86' lang='lat' dir='ltr'><strong>est,</strong></span> <span class='ocrx_word' id='word_1_168' title='bbox 1546 2471 1626 2529; x_wconf 88' lang='lat' dir='ltr'><strong>ut</strong></span> <span class='ocrx_word' id='word_1_169' title='bbox 1670 2484 1825 2531; x_wconf 88' lang='lat' dir='ltr'><strong>enm</strong></span> <span class='ocrx_word' id='word_1_170' title='bbox 1854 2463 2129 2548; x_wconf 86' lang='lat' dir='ltr'><strong>qnidam</strong></span> <span class='ocrx_word' id='word_1_171' title='bbox 2157 2464 2331 2529; x_wconf 86' lang='lat' dir='ltr'><strong>adeo</strong></span> <span class='ocrx_word' id='word_1_172' title='bbox 2362 2470 2689 2546; x_wconf 76' lang='lat' dir='ltr'><strong>negarent</strong></span> 
     </span>
     <span class='ocr_line' id='line_1_23' title="bbox 485 2562 2687 2650; baseline -0 -21"><span class='ocrx_word' id='word_1_173' title='bbox 485 2562 836 2647; x_wconf 71' lang='lat' dir='ltr'><strong>antiquum</strong></span> <span class='ocrx_word' id='word_1_174' title='bbox 861 2582 1014 2632; x_wconf 86' lang='lat' dir='ltr'><strong>esse</strong></span> <span class='ocrx_word' id='word_1_175' title='bbox 1036 2566 1461 2649; x_wconf 75' lang='lat' dir='ltr'><strong>scriptorem,</strong></span> <span class='ocrx_word' id='word_1_176' title='bbox 1496 2566 1926 2650; x_wconf 78' lang='lat' dir='ltr'><strong>suppositum</strong></span> <span class='ocrx_word' id='word_1_177' title='bbox 1969 2564 2196 2648; x_wconf 86' lang='lat' dir='ltr'><strong>potius</strong></span> <span class='ocrx_word' id='word_1_178' title='bbox 2238 2566 2327 2629; x_wconf 90' lang='lat' dir='ltr'><strong>ab</strong></span> <span class='ocrx_word' id='word_1_179' title='bbox 2358 2563 2541 2629; x_wconf 82' lang='lat' dir='ltr'><strong>Italo</strong></span> <span class='ocrx_word' id='word_1_180' title='bbox 2566 2582 2687 2628; x_wconf 89' lang='lat' dir='ltr'><strong>re-</strong></span> 
     </span>
     <span class='ocr_line' id='line_1_24' title="bbox 486 2664 2689 2751; baseline 0 -22"><span class='ocrx_word' id='word_1_181' title='bbox 486 2665 799 2731; x_wconf 83' lang='lat' dir='ltr'><strong>centioris</strong></span> <span class='ocrx_word' id='word_1_182' title='bbox 824 2665 984 2731; x_wconf 75' lang='lat' dir='ltr'><strong>aevi.</strong></span> <span class='ocrx_word' id='word_1_183' title='bbox 1069 2666 1230 2745; x_wconf 85' lang='lat' dir='ltr'><strong>Sed,</strong></span> <span class='ocrx_word' id='word_1_184' title='bbox 1279 2674 1729 2751; x_wconf 74' lang='lat' dir='ltr'><strong>praeterquam</strong></span> <span class='ocrx_word' id='word_1_185' title='bbox 1770 2665 1953 2750; x_wconf 85' lang='lat' dir='ltr'><strong>quod</strong></span> <span class='ocrx_word' id='word_1_186' title='bbox 1980 2664 2293 2744; x_wconf 79' lang='lat' dir='ltr'><strong>Codices,</strong></span> <span class='ocrx_word' id='word_1_187' title='bbox 2322 2666 2441 2751; x_wconf 86' lang='lat' dir='ltr'><strong>qui</strong></span> <span class='ocrx_word' id='word_1_188' title='bbox 2468 2684 2689 2747; x_wconf 83' lang='lat' dir='ltr'><strong>supra</strong></span> 
     </span>
     <span class='ocr_line' id='line_1_25' title="bbox 485 2766 2686 2851; baseline 0.001 -24"><span class='ocrx_word' id='word_1_189' title='bbox 485 2766 944 2851; x_wconf 81' lang='lat' dir='ltr'><strong>septingentos</strong></span> <span class='ocrx_word' id='word_1_190' title='bbox 969 2775 1042 2831; x_wconf 87' lang='lat' dir='ltr'><strong>et</strong></span> <span class='ocrx_word' id='word_1_191' title='bbox 1067 2769 1484 2851; x_wconf 81' lang='lat' dir='ltr'><strong>octingentos</strong></span> <span class='ocrx_word' id='word_1_192' title='bbox 1513 2786 1720 2833; x_wconf 83' lang='lat' dir='ltr'><strong>annos</strong></span> <span class='ocrx_word' id='word_1_193' title='bbox 1740 2768 1989 2833; x_wconf 85' lang='lat' dir='ltr'><strong>habere</strong></span> <span class='ocrx_word' id='word_1_194' title='bbox 2010 2767 2391 2844; x_wconf 84' lang='lat' dir='ltr'><strong>creduntur,</strong></span> <span class='ocrx_word' id='word_1_195' title='bbox 2422 2770 2686 2844; x_wconf 75' lang='lat' dir='ltr'><strong>extant,</strong></span> 
     </span>
     <span class='ocr_line' id='line_1_26' title="bbox 483 2865 2683 2952; baseline 0 -21"><span class='ocrx_word' id='word_1_196' title='bbox 483 2865 643 2931; x_wconf 82' lang='lat' dir='ltr'><strong>aliis</strong></span> <span class='ocrx_word' id='word_1_197' title='bbox 673 2884 950 2951; x_wconf 85' lang='lat' dir='ltr'><strong>quoque</strong></span> <span class='ocrx_word' id='word_1_198' title='bbox 979 2870 1385 2950; x_wconf 79' lang='lat' dir='ltr'><strong>argumentis</strong></span> <span class='ocrx_word' id='word_1_199' title='bbox 1427 2869 1551 2935; x_wconf 89' lang='lat' dir='ltr'><strong>illa</strong></span> <span class='ocrx_word' id='word_1_200' title='bbox 1592 2868 1927 2941; x_wconf 78' lang='lat' dir='ltr'><strong>sententia</strong></span> <span class='ocrx_word' id='word_1_201' title='bbox 1954 2866 2227 2933; x_wconf 81' lang='lat' dir='ltr'><strong>refutari</strong></span> <span class='ocrx_word' id='word_1_202' title='bbox 2264 2872 2511 2952; x_wconf 80' lang='lat' dir='ltr'><strong>potest,</strong></span> <span class='ocrx_word' id='word_1_203' title='bbox 2550 2886 2683 2932; x_wconf 77' lang='lat' dir='ltr'><strong>nec</strong></span> 
     </span>
     <span class='ocr_line' id='line_1_27' title="bbox 484 2966 2493 3052; baseline 0 -21"><span class='ocrx_word' id='word_1_204' title='bbox 484 2966 748 3033; x_wconf 78' lang='lat' dir='ltr'><strong>fuerunt</strong></span> <span class='ocrx_word' id='word_1_205' title='bbox 771 2967 938 3031; x_wconf 81' lang='lat' dir='ltr'><strong>inter</strong></span> <span class='ocrx_word' id='word_1_206' title='bbox 969 2969 1149 3032; x_wconf 87' lang='lat' dir='ltr'><strong>viros</strong></span> <span class='ocrx_word' id='word_1_207' title='bbox 1177 2969 1533 3047; x_wconf 84' lang='lat' dir='ltr'><strong>doctiores,</strong></span> <span class='ocrx_word' id='word_1_208' title='bbox 1560 2972 1773 3052; x_wconf 90' lang='lat' dir='ltr'><strong>quiin</strong></span> <span class='ocrx_word' id='word_1_209' title='bbox 1800 2987 1947 3033; x_wconf 79' lang='lat' dir='ltr'><strong>earn</strong></span> <span class='ocrx_word' id='word_1_210' title='bbox 1980 2967 2165 3032; x_wconf 87' lang='lat' dir='ltr'><strong>abire</strong></span> <span class='ocrx_word' id='word_1_211' title='bbox 2193 2968 2493 3033; x_wconf 79' lang='lat' dir='ltr'><strong>mallent.</strong></span> 
     </span>
     <span class='ocr_line' id='line_1_28' title="bbox 573 3066 2687 3150; baseline 0.001 -18"><span class='ocrx_word' id='word_1_212' title='bbox 573 3066 776 3150; x_wconf 79' lang='lat' dir='ltr'><strong>Stylo</strong></span> <span class='ocrx_word' id='word_1_213' title='bbox 805 3085 932 3131; x_wconf 82' lang='lat' dir='ltr'><strong>suo</strong></span> <span class='ocrx_word' id='word_1_214' title='bbox 956 3074 1033 3131; x_wconf 89' lang='lat' dir='ltr'><strong>et</strong></span> <span class='ocrx_word' id='word_1_215' title='bbox 1061 3067 1374 3134; x_wconf 82' lang='lat' dir='ltr'><strong>Historia</strong></span> <span class='ocrx_word' id='word_1_216' title='bbox 1402 3067 1676 3135; x_wconf 83' lang='lat' dir='ltr'><strong>Curtius</strong></span> <span class='ocrx_word' id='word_1_217' title='bbox 1717 3069 1963 3133; x_wconf 85' lang='lat' dir='ltr'><strong>multos</strong></span> <span class='ocrx_word' id='word_1_218' title='bbox 1992 3068 2379 3145; x_wconf 80' lang='lat' dir='ltr'><strong>delectavit,</strong></span> <span class='ocrx_word' id='word_1_219' title='bbox 2430 3069 2687 3134; x_wconf 80' lang='lat' dir='ltr'><strong>multos</strong></span> 
     </span>
     <span class='ocr_line' id='line_1_29' title="bbox 489 3165 2686 3251; baseline 0 -18"><span class='ocrx_word' id='word_1_220' title='bbox 489 3168 733 3251; x_wconf 87' lang='lat' dir='ltr'><strong>reperit</strong></span> <span class='ocrx_word' id='word_1_221' title='bbox 761 3165 1172 3246; x_wconf 76' lang='lat' dir='ltr'><strong>laudatores,</strong></span> <span class='ocrx_word' id='word_1_222' title='bbox 1199 3170 1288 3235; x_wconf 89' lang='lat' dir='ltr'><strong>ab</strong></span> <span class='ocrx_word' id='word_1_223' title='bbox 1320 3168 1617 3233; x_wconf 86' lang='lat' dir='ltr'><strong>Heinsio</strong></span> <span class='ocrx_word' id='word_1_224' title='bbox 1646 3168 1817 3234; x_wconf 88' lang='lat' dir='ltr'><strong>adeo</strong></span> <span class='ocrx_word' id='word_1_225' title='bbox 1846 3172 1867 3205; x_wconf 76' lang='lat'>⁶</span> <span class='ocrx_word' id='word_1_226' title='bbox 1890 3166 2127 3232; x_wconf 83' lang='lat' dir='ltr'><strong>Venus</strong></span> <span class='ocrx_word' id='word_1_227' title='bbox 2148 3166 2643 3233; x_wconf 85' lang='lat' dir='ltr'><strong>Historicornm</strong></span> <span class='ocrx_word' id='word_1_228' title='bbox 2662 3169 2686 3195; x_wconf 86' lang='lat'><em>&#39;</em></span> 
     </span>
     <span class='ocr_line' id='line_1_30' title="bbox 487 3268 2687 3353; baseline -0 -18"><span class='ocrx_word' id='word_1_229' title='bbox 487 3268 892 3353; x_wconf 84' lang='lat' dir='ltr'><strong>appellatus.</strong></span> <span class='ocrx_word' id='word_1_230' title='bbox 979 3270 1098 3339; x_wconf 78' lang='lat' dir='ltr'><strong>Ab,</strong></span> <span class='ocrx_word' id='word_1_231' title='bbox 1125 3270 1280 3336; x_wconf 87' lang='lat' dir='ltr'><strong>aliis</strong></span> <span class='ocrx_word' id='word_1_232' title='bbox 1317 3278 1545 3336; x_wconf 87' lang='lat' dir='ltr'><strong>autem</strong></span> <span class='ocrx_word' id='word_1_233' title='bbox 1570 3271 1799 3336; x_wconf 85' lang='lat' dir='ltr'><strong>multis</strong></span> <span class='ocrx_word' id='word_1_234' title='bbox 1840 3268 2687 3351; x_wconf 82' lang='lat' dir='ltr'><strong>nominibus-reprehensus</strong></span> 
     </span>
     <span class='ocr_line' id='line_1_31' title="bbox 489 3366 2686 3458; baseline 0 -23"><span class='ocrx_word' id='word_1_235' title='bbox 489 3374 612 3435; x_wconf 83' lang='lat' dir='ltr'><strong>est.</strong></span> <span class='ocrx_word' id='word_1_236' title='bbox 699 3366 952 3449; x_wconf 81' lang='lat' dir='ltr'><strong>Quare,</strong></span> <span class='ocrx_word' id='word_1_237' title='bbox 1009 3372 1072 3436; x_wconf 88' lang='lat' dir='ltr'><strong>si</strong></span> <span class='ocrx_word' id='word_1_238' title='bbox 1129 3373 1372 3458; x_wconf 87' lang='lat' dir='ltr'><strong>paucis</strong></span> <span class='ocrx_word' id='word_1_239' title='bbox 1423 3373 1807 3451; x_wconf 81' lang='lat' dir='ltr'><strong>ostendero,</strong></span> <span class='ocrx_word' id='word_1_240' title='bbox 1854 3370 2094 3456; x_wconf 83' lang='lat' dir='ltr'><strong>quanti</strong></span> <span class='ocrx_word' id='word_1_241' title='bbox 2154 3370 2473 3437; x_wconf 83' lang='lat' dir='ltr'><strong>Historia</strong></span> <span class='ocrx_word' id='word_1_242' title='bbox 2529 3370 2686 3455; x_wconf 85' lang='lat' dir='ltr'><strong>ejus</strong></span> 
     </span>
     <span class='ocr_line' id='line_1_32' title="bbox 491 3470 2685 3557; baseline 0.001 -22"><span class='ocrx_word' id='word_1_243' title='bbox 491 3470 895 3539; x_wconf 63' lang='lat' dir='ltr'><strong>aestimanda</strong></span> <span class='ocrx_word' id='word_1_244' title='bbox 923 3472 1035 3552; x_wconf 86' lang='lat' dir='ltr'><strong>sit,</strong></span> <span class='ocrx_word' id='word_1_245' title='bbox 1083 3492 1313 3557; x_wconf 79' lang='lat' dir='ltr'><strong>operae</strong></span> <span class='ocrx_word' id='word_1_246' title='bbox 1359 3474 1642 3557; x_wconf 87' lang='lat' dir='ltr'><strong>pretium</strong></span> <span class='ocrx_word' id='word_1_247' title='bbox 1684 3474 1978 3538; x_wconf 76' lang='lat' dir='ltr'><strong>facturus</strong></span> <span class='ocrx_word' id='word_1_248' title='bbox 2006 3470 2169 3536; x_wconf 82' lang='lat' dir='ltr'><strong>mihi</strong></span> <span class='ocrx_word' id='word_1_249' title='bbox 2198 3470 2454 3549; x_wconf 79' lang='lat' dir='ltr'><strong>videor,</strong></span> <span class='ocrx_word' id='word_1_250' title='bbox 2506 3490 2685 3555; x_wconf 81' lang='lat' dir='ltr'><strong>prae-</strong></span> 
     </span>
     <span class='ocr_line' id='line_1_33' title="bbox 489 3570 2686 3659; baseline -0.001 -20"><span class='ocrx_word' id='word_1_251' title='bbox 489 3572 708 3639; x_wconf 79' lang='lat' dir='ltr'><strong>sertim</strong></span> <span class='ocrx_word' id='word_1_252' title='bbox 737 3592 884 3639; x_wconf 83' lang='lat' dir='ltr'><strong>cum</strong></span> <span class='ocrx_word' id='word_1_253' title='bbox 911 3573 986 3639; x_wconf 85' lang='lat' dir='ltr'><strong>in</strong></span> <span class='ocrx_word' id='word_1_254' title='bbox 1013 3574 1285 3654; x_wconf 84' lang='lat' dir='ltr'><strong>scholis,</strong></span> <span class='ocrx_word' id='word_1_255' title='bbox 1313 3576 1384 3639; x_wconf 88' lang='lat' dir='ltr'><strong>in</strong></span> <span class='ocrx_word' id='word_1_256' title='bbox 1413 3576 1660 3659; x_wconf 80' lang='lat' dir='ltr'><strong>quibus</strong></span> <span class='ocrx_word' id='word_1_257' title='bbox 1685 3575 1939 3659; x_wconf 83' lang='lat' dir='ltr'><strong>passim</strong></span> <span class='ocrx_word' id='word_1_258' title='bbox 1965 3573 2229 3656; x_wconf 71' lang='lat' dir='ltr'><strong>legitur,</strong></span> <span class='ocrx_word' id='word_1_259' title='bbox 2260 3572 2485 3637; x_wconf 84' lang='lat' dir='ltr'><strong>multis</strong></span> <span class='ocrx_word' id='word_1_260' title='bbox 2516 3570 2686 3657; x_wconf 85' lang='lat' dir='ltr'><strong>His-</strong></span> 
     </span>
    </p>
   </div>
   <div class='ocr_carea' id='block_1_3' title="bbox 490 3670 2783 3761">
    <p class='ocr_par' dir='ltr' id='par_1_3' title="bbox 490 3670 2783 3761">
     <span class='ocr_line' id='line_1_34' title="bbox 490 3670 2783 3761; baseline 0 -24"><span class='ocrx_word' id='word_1_261' title='bbox 490 3674 684 3739; x_wconf 74' lang='lat' dir='ltr'><strong>toriae</strong></span> <span class='ocrx_word' id='word_1_262' title='bbox 711 3672 1080 3741; x_wconf 79' lang='lat' dir='ltr'><strong>Alexandri</strong></span> <span class='ocrx_word' id='word_1_263' title='bbox 1111 3677 1503 3761; x_wconf 77' lang='lat' dir='ltr'><strong>praecipuus</strong></span> <span class='ocrx_word' id='word_1_264' title='bbox 1530 3678 1627 3742; x_wconf 86' lang='lat' dir='ltr'><strong>sit</strong></span> <span class='ocrx_word' id='word_1_265' title='bbox 1650 3681 1905 3742; x_wconf 87' lang='lat' dir='ltr'><strong>auctor.</strong></span> <span class='ocrx_word' id='word_1_266' title='bbox 1977 3674 2317 3757; x_wconf 84' lang='lat' dir='ltr'><strong>Principio</strong></span> <span class='ocrx_word' id='word_1_267' title='bbox 2337 3670 2685 3748; x_wconf 70' lang='lat' dir='ltr'><strong>librorum,</strong></span> <span class='ocrx_word' id='word_1_268' title='bbox 2776 3678 2783 3687; x_wconf 81' lang='grc'><em>“</em></span> 
     </span>
    </p>
   </div>
   <div class='ocr_carea' id='block_1_4' title="bbox 489 3775 2747 4171">
    <p class='ocr_par' dir='ltr' id='par_1_4' title="bbox 489 3775 2747 4171">
     <span class='ocr_line' id='line_1_35' title="bbox 489 3775 2685 3861; baseline 0.001 -23"><span class='ocrx_word' id='word_1_269' title='bbox 489 3776 608 3839; x_wconf 86' lang='lat' dir='ltr'><strong>ubi</strong></span> <span class='ocrx_word' id='word_1_270' title='bbox 637 3775 932 3841; x_wconf 79' lang='lat' dir='ltr'><strong>fortasse</strong></span> <span class='ocrx_word' id='word_1_271' title='bbox 951 3776 1038 3841; x_wconf 88' lang='lat' dir='ltr'><strong>de</strong></span> <span class='ocrx_word' id='word_1_272' title='bbox 1067 3778 1352 3844; x_wconf 86' lang='lat' dir='ltr'><strong>consilio</strong></span> <span class='ocrx_word' id='word_1_273' title='bbox 1381 3797 1511 3843; x_wconf 87' lang='lat' dir='ltr'><strong>suo</strong></span> <span class='ocrx_word' id='word_1_274' title='bbox 1538 3780 1929 3861; x_wconf 80' lang='lat' dir='ltr'><strong>scripserat,</strong></span> <span class='ocrx_word' id='word_1_275' title='bbox 1956 3776 2243 3859; x_wconf 86' lang='lat' dir='ltr'><strong>perdito,</strong></span> <span class='ocrx_word' id='word_1_276' title='bbox 2260 3792 2349 3839; x_wconf 75' lang='lat' dir='ltr'><strong>ex</strong></span> <span class='ocrx_word' id='word_1_277' title='bbox 2364 3793 2477 3853; x_wconf 89' lang='lat' dir='ltr'><strong>eo,</strong></span> <span class='ocrx_word' id='word_1_278' title='bbox 2501 3776 2685 3859; x_wconf 87' lang='lat' dir='ltr'><strong>quod</strong></span> 
     </span>
     <span class='ocr_line' id='line_1_36' title="bbox 491 3874 2685 3963; baseline 0.003 -26"><span class='ocrx_word' id='word_1_279' title='bbox 491 3874 562 3939; x_wconf 86' lang='lat' dir='ltr'><strong>in</strong></span> <span class='ocrx_word' id='word_1_280' title='bbox 591 3876 1074 3957; x_wconf 81' lang='lat' dir='ltr'><strong>superstitibus</strong></span> <span class='ocrx_word' id='word_1_281' title='bbox 1101 3880 1518 3961; x_wconf 63' lang='lat' dir='ltr'><strong>praestiterit,</strong></span> <span class='ocrx_word' id='word_1_282' title='bbox 1544 3878 1708 3963; x_wconf 88' lang='lat' dir='ltr'><strong>quid</strong></span> <span class='ocrx_word' id='word_1_283' title='bbox 1737 3883 2053 3961; x_wconf 74' lang='lat' dir='ltr'><strong>praestare</strong></span> <span class='ocrx_word' id='word_1_284' title='bbox 2078 3875 2388 3953; x_wconf 83' lang='lat' dir='ltr'><strong>voluerit,</strong></span> <span class='ocrx_word' id='word_1_285' title='bbox 2418 3876 2685 3961; x_wconf 79' lang='lat' dir='ltr'><strong>conjec-</strong></span> 
     </span>
     <span class='ocr_line' id='line_1_37' title="bbox 490 3974 2683 4061; baseline 0.002 -22"><span class='ocrx_word' id='word_1_286' title='bbox 490 3974 771 4041; x_wconf 86' lang='lat' dir='ltr'><strong>tandum</strong></span> <span class='ocrx_word' id='word_1_287' title='bbox 803 3981 934 4040; x_wconf 86' lang='lat' dir='ltr'><strong>est.</strong></span> <span class='ocrx_word' id='word_1_288' title='bbox 1019 3976 1410 4061; x_wconf 71' lang='lat' dir='ltr'><strong>Largiamur</strong></span> <span class='ocrx_word' id='word_1_289' title='bbox 1437 4000 1589 4045; x_wconf 89' lang='lat' dir='ltr'><strong>eum</strong></span> <span class='ocrx_word' id='word_1_290' title='bbox 1622 3998 1839 4045; x_wconf 74' lang='lat' dir='ltr'><strong>veram</strong></span> <span class='ocrx_word' id='word_1_291' title='bbox 1889 3974 2255 4043; x_wconf 77' lang='lat' dir='ltr'><strong>Alexandri</strong></span> <span class='ocrx_word' id='word_1_292' title='bbox 2302 3977 2683 4043; x_wconf 84' lang='lat' dir='ltr'><strong>Historiam</strong></span> 
     </span>
     <span class='ocr_line' id='line_1_38' title="bbox 492 4075 2747 4171; baseline 0 -28"><span class='ocrx_word' id='word_1_293' title='bbox 492 4075 782 4145; x_wconf 85' lang='lat' dir='ltr'><strong>scribere</strong></span> <span class='ocrx_word' id='word_1_294' title='bbox 824 4075 1156 4157; x_wconf 80' lang='lat' dir='ltr'><strong>voluisse3</strong></span> <span class='ocrx_word' id='word_1_295' title='bbox 1199 4078 1495 4147; x_wconf 85' lang='lat' dir='ltr'><strong>debebat</strong></span> <span class='ocrx_word' id='word_1_296' title='bbox 1546 4080 1843 4147; x_wconf 83' lang='lat' dir='ltr'><strong>scientiis</strong></span> <span class='ocrx_word' id='word_1_297' title='bbox 1890 4078 2237 4143; x_wconf 79' lang='lat' dir='ltr'><strong>Historico</strong></span> <span class='ocrx_word' id='word_1_298' title='bbox 2279 4080 2683 4143; x_wconf 86' lang='lat' dir='ltr'><strong>necessariis</strong></span> <span class='ocrx_word' id='word_1_299' title='bbox 2740 4166 2747 4171; x_wconf 14' lang='grc' dir='ltr'>ὁ</span> 
     </span>
    </p>
   </div>
  </div>
 </body>
</html>
