2858 4782
696 393 776 444 m
828 391 1184 454 Qumruu
1233 390 1583 441 ουιιτιυιιι
1633 389 1928 442 aurun.
2312 377 2403 442 29

196 538 384 607 Nam
427 553 586 604 eum
625 535 954 620 Trajanus
999 551 1386 618 quanquam
1432 533 1855 600 consobrinae
1876 561 1883 580 ·
1903 530 2137 610 filium,
2174 532 2403 600 vivens

194 641 502 706 noluerat
549 634 916 722 adoptare.’
1005 634 1196 700 Idem
1235 641 1521 700 testatur
1560 634 1667 700 Io.
1701 633 2102 719 xiphilinus
2144 635 2215 698 in
2259 634 2403 700 ’Ea-

195 738 408 826 λόγιις
436 761 530 806 ex
557 739 825 806 Hister.
853 735 1106 803 Dionis
1137 735 1300 800 Vita
1341 735 1676 802 Hadriani
1721 753 1876 818 cap.
1902 735 1974 800 4.
2061 739 2083 770 ‘
2113 734 2407 802 Hadria·

196 861 324 908 nus
370 862 420 908 a
462 841 766 925 Trajano
813 837 1182 923 adoptatus
1235 855 1374 902 non
1425 840 1549 902 est.
1552 835 1571 861 ’
1656 835 1983 921 Idemque
2028 851 2121 902 ex
2168 838 2405 904 eodem
2444 839 2455 844 “

199 944 431 1010 Dione
475 941 704 1008 addit.
751 938 1234 1023 ‘Apronianus
1275 937 1458 1002 enim
1495 941 1685 1021 pater
1728 955 1945 1014 meus,
1982 937 2102 1024 qui
2143 935 2404 1004 Ciliciae

195 1042 500 1126 praefuit,
524 1043 780 1127 quique
822 1057 928 1106 res
971 1038 1124 1124 ejus
1159 1035 1570 1124 (Hadriani)
1596 1057 1831 1104 omnes
1858 1043 2037 1106 certe
2066 1039 2404 1122 cognovit,

196 1144 368 1210 mihi
397 1143 666 1227 singula
689 1140 1048 1218 recensuit,
1092 1145 1296 1224 atque
1337 1136 1559 1202 illud'
1538 1156 1609 1202 m
1647 1137 1904 1222 primis,
1931 1142 2211 1204 mortem
2238 1138 2407 1206 Tra-

187 1245 342 1330 jani
369 1265 492 1330 per
519 1245 780 1328 aliquot
820 1241 1019 1307 dies
997 1261 1072 1306 m
1101 1239 1372 1307 occulto
1400 1237 1632 1318 fuisse,
1675 1244 1752 1304 ut
1795 1237 2145 1320 adoptatio
2170 1257 2407 1322 proce·

197 1346 416 1428 deret,
459 1345 666 1430 idque
711 1363 803 1410 ex
841 1342 1051 1410 literis
1095 1342 1242 1427 ejus
1280 1340 1369 1405 ad
1418 1346 1731 1406 senatum
1778 1343 2119 1424 cognitum
2160 1341 2405 1422 fnisse,

197 1449 454 1532 quibus
497 1445 714 1512 literis
761 1463 900 1510 non
942 1447 1118 1528 ipse,
1160 1441 1282 1508 sed
1326 1441 1628 1519 Plotina,
1674 1442 2096 1526 subscripsit,
2127 1444 2307 1528 quod
2332 1445 2406 1510 in

199 1549 342 1614 alio
382 1548 635 1614 factum
673 1547 895 1612 fuerat
933 1542 1320 1628 nunquam?
1406 1542 1669 1608 Eadem
1714 1541 2059 1608 traduntur
2101 1546 2189 1610 ab
2219 1545 2405 1610 AElio

202 1650 574 1734 spartiano
599 1646 771 1712 Vita
799 1645 1180 1712 Hadriani:
1223 1647 1246 1678 ‘
1279 1643 1431 1709 Nec
1460 1644 1714 1720 desunt,
1758 1643 1879 1728 qui
1918 1641 2212 1710 factione
2244 1645 2405 1710 Plo-

201 1752 388 1828 tinae,
409 1755 675 1816 mortuo
692 1748 842 1832 jam
861 1746 1176 1832 Trajano,
1223 1744 1647 1810 Hadrianum
1672 1744 1745 1808 in
1774 1742 2205 1828 adoptionem
2231 1745 2408 1814 asci-

201 1859 348 1916 tum
389 1870 546 1916 esse
599 1847 1042 1935 prodiderint,
1101 1847 1489 1932 supposito,
1536 1847 1655 1930 qui
1696 1864 1821 1931 pro
1872 1845 2167 1938 Trajano
2226 1847 2407 1914 fessa

201 1969 378 2018 voce
405 1947 835 2034 loqueretur.’
919 1946 1382 2034 Adoptionem
1425 1953 1655 2012 autem
1700 1947 1899 2012 istam
1942 1948 2068 2012 sub
2109 1947 2266 2030 ipsa
2291 1946 2409 2016 de-

203 2071 388 2116 mum
415 2058 632 2116 morte
660 2049 1088 2135 imperatoris
1115 2069 1268 2114 esse
1293 2049 1549 2117 factam
1576 2053 1646 2113 et
1672 2046 1826 2115 inde
1854 2049 2197 2131 probatur,
2222 2047 2407 2132 quod
2538 2073 2545 2082 ·

201 2153 388 2218 idem
413 2152 812 2237 Spartianus
841 2151 890 2215 1.
919 2150 970 2217 l.
1011 2155 1034 2185 ‘
1063 2149 1341 2236 quinto,’
1383 2149 1620 2235 inquit,
1662 2155 1683 2184 ‘
1710 2147 1963 2220 Iduum,
1984 2147 2273 2232 Augusti
2296 2149 2407 2214 die

203 2254 474 2336 legatus
531 2253 748 2337 Syriae
796 2252 1025 2318 literas
1071 2252 1463 2336 adoptionis
1510 2251 1799 2334 accepit.
1881 2249 2129 2320 Tertio,
2158 2249 2409 2316 Iduum

205 2353 560 2421 earundem
603 2371 930 2419 excessus
974 2353 1040 2418 ei
1081 2351 1358 2437 Trajani
1405 2351 1751 2419 nuntiatus
1790 2349 1939 2417 est.’
2024 2349 2201 2431 Quae
2249 2371 2405 2419 cum

205 2456 302 2521 ita
345 2457 514 2533 sint,
555 2455 769 2519 omnis
819 2454 1114 2519 Pontani
1161 2455 1498 2520 sententia
1540 2454 1627 2519 ad
1682 2453 1933 2519 irritum
1978 2452 2164 2522 cadit
2204 2459 2407 2537 atque

205 2556 646 2637 rescinditur-3
687 2574 844 2621 nam
894 2552 1164 2619 Curtius
1214 2554 1375 2619 vivo
1423 2560 1495 2620 et
1539 2562 1855 2639 regnante
1897 2555 2195 2639 Trajano
2242 2556 2409 2622 talia

209 2659 532 2740 augurari·
569 2656 750 2722 nullo
801 2654 1007 2721 modo
1051 2656 1294 2739 potuit,
1337 2656 1565 2740 qualia
1604 2658 1757 2723 loco
1808 2658 2069 2741 saepius
2128 2656 2407 2723 laudato

207 2762 576 2841 auguratus
605 2764 729 2821 est.

291 2856 646 2922 Sententia
674 2856 884 2941 Casp.
914 2856 1201 2935 Barthii,
1221 2858 1340 2941 qui
1364 2856 1821 2925 Theodosium
1852 2858 1953 2923 M.
1980 2857 2192 2925 Curtii
2216 2857 2407 2925 Prin·

211 2958 432 3043 cipem
469 2956 686 3022 fuisse
711 2958 1037 3041 opinatur,
1077 2958 1454 3023 rationibus
1482 2975 1617 3022 non
1640 2960 1855 3045 magis
1882 2960 2141 3027 idoneis
2169 2960 2407 3027 confir-

209 3064 452 3125 matur.
540 3056 819 3122 Scilicet
849 3075 1082 3135 causa,
1113 3076 1232 3122 cur
1261 3057 1349 3123 ad
1379 3076 1533 3123 eam
1563 3066 1835 3125 aetatem
1863 3060 2164 3127 Curtium
2195 3061 2408 3127 detra-

209 3158 344 3237 hat,
387 3159 530 3223 alia
571 3157 756 3223 nulla
797 3165 924 3235 est,
967 3178 1171 3242 quam
1221 3158 1760 3228 declamatorium
1799 3160 1949 3245 ejus
1990 3181 2273 3229 acumen
2302 3162 2411 3227 ‘ad

213 3260 803 3343 Panegyristarum
853 3257 1264 3326 affectiones»
1273 3258 1685 3343 inclinatum.
1770 3261 1947 3344 Ergo
1990 3264 2057 3329 in
2108 3268 2411 3341 auctore,
2474 3346 2481 3351 ·

213 3378 416 3445 quem
441 3358 562 3445 alii
593 3360 680 3424 ob
725 3361 884 3444 styli
926 3358 1330 3443 elegantiam
1377 3360 1465 3426 ad
1504 3379 1777 3443 auream
1822 3363 2217 3437 Latinitatis
2245 3370 2409 3429 aeta-

212 3465 344 3525 tem
363 3467 762 3540 evexerant,
792 3462 862 3526 in
879 3460 1132 3526 eodem
1174 3460 1293 3527 illo
1335 3462 1766 3528 emunctioris
1808 3463 1987 3527 naris
2024 3462 2221 3534 homo
2248 3483 2412 3529 con·

215 3562 490 3627 trarium
546 3561 802 3641 olfacit,
854 3568 1057 3646 atque
1102 3559 1190 3627 ad
1246 3582 1505 3628 oeneam
1564 3569 1835 3630 oetatem
1892 3554 2049 3629 eum
2102 3564 2409 3637 detrudit.

216 3660 437 3741 Quasi
466 3668 629 3729 ante
649 3669 952 3747 tempora
979 3662 1349 3729 Theodosii
1377 3664 1447 3730 id
1478 3664 1797 3731 orationis
1838 3685 2047 3749 genus
2084 3684 2219 3729 non
2244 3665 2409 3732 fuis-

216 3770 346 3841 set,
403 3764 598 3848 cujus
633 3764 1058 3849 jejunitatem
1097 3764 1245 3849 jam
1288 3767 1712 3833 abominatur
1764 3766 2028 3841 Cicero,
2075 3766 2407 3852 cujusque

217 3865 728 3929 ostentationem
757 3864 1014 3950 saepius
1034 3863 1296 3931 incusat
1316 3866 1792 3945 Quintilianus.
1870 3866 2133 3932 Deinde
2165 3868 2411 3935 Barth-

215 3962 322 4029 ius
365 3964 578 4029 etiam
617 3970 829 4049 putat,
849 3964 1080 4053 ,verba
1118 3966 1439 4049 quaedam
1478 3966 1697 4033 Curtii
1723 3966 2119 4039 Theodosio
2152 3969 2407 4051 potius,

219 4083 421 4147 quam
453 4062 844 4152 Principum
871 4067 994 4132 ulli
1025 4069 1394 4133 convenire.
1487 4068 1691 4134 Illum
1719 4090 1788 4134 v.
1816 4090 1880 4135 c.
1904 4069 2113 4161 fuisse
2147 4088 2220 4134 re
2252 4088 2409 4135 vera

219 4171 238 4198 ‘
265 4184 518 4231 novum
545 4167 738 4235 sidus
756 4168 774 4194 '
803 4170 1121 4252 illumque
1150 4169 1222 4235 in
1250 4169 1517 4237 duobus
1548 4170 1709 4237 filiis
1738 4176 1757 4207 ‘
1781 4170 2153 4236 diuturnam
2185 4177 2409 4253 poste-
