2858 4782
531 359 621 426 50
1067 331 1075 346 ⁸
1476 376 1507 423 J
1524 365 1787 424 umom

531 539 705 606 opus
777 522 986 584 totum
1055 535 1627 600 recognoscerem,
1710 535 1791 582 ac
1866 514 2219 599 diligenter
2291 516 2720 582 emendarem.
2843 505 2844 508 '

533 621 733 703 Quod
757 639 842 685 eo
867 619 1179 683 libentius
1221 619 1377 696 feci,
1425 617 1609 702 quod
1650 618 1773 683 tibi
1815 618 1932 682 ille
1976 626 2233 683 estnon
2262 617 2462 682 modo
2493 618 2722 702 volup-

528 731 756 802 tatem,
814 722 934 786 sed
1002 721 1208 786 etiam
1278 721 1653 786 doctrinam
1714 720 2045 785 allaturus
2105 737 2243 783 non
2298 719 2719 783 mediocrem.

529 826 656 892 Est
683 826 855 890 enim
886 822 975 902 Q.
1007 823 1277 888 Curtius
1306 824 1376 887 in
1407 822 1757 888 scribendo
1786 827 2047 899 acutus,
2079 821 2462 898 vehemenS,
2494 820 2723 884 candi-

530 930 679 1006 dus,
709 947 790 992 ac
823 943 1143 1010 perquam
1184 924 1543 1009 eloquens:
1587 924 1661 987 in
1700 923 2141 988 concionibus
2167 923 2345 986 enim
2377 940 2553 1005 quas
2584 940 2724 986 cre-

527 1033 649 1098 bro
677 1028 993 1112 reperies,
1040 1033 1367 1108 quantum
1406 1025 1528 1089 ille
1577 1024 1842 1107 ingenio
1886 1029 1955 1088 et
1997 1023 2386 1107 eloquentia
2413 1023 2724 1100 valuerit,

527 1132 728 1198 facile
756 1146 1142 1213 cognosces.

1187 1317 1612 1384 Volaterrani
1638 1315 1849 1383 Antro
1853 1338 1927 1402 p.
1952 1317 2067 1384 64.

615 1434 890 1501 Curtius
921 1433 1308 1499 Historicus
1351 1433 1634 1516 scripsit
1678 1435 1764 1498 de
1808 1432 2046 1498 Gestis
2074 1431 2444 1499 Alexandri
2478 1433 2584 1500 Μ.
2614 1454 2730 1500 cu-

519 1541 636 1624 jus
663 1533 832 1603 liber
858 1535 1040 1602 haud
1071 1537 1328 1619 integer
1355 1535 1443 1601 ad
1468 1553 1593 1601 nos
1622 1534 1941 1620 pervenit.

661 1716 906 1800 Angeli
937 1716 1324 1780 Decembrii
1370 1717 1457 1782 de
1490 1714 1745 1781 Politia
1772 1712 2103 1780 Literaria
2143 1715 2261 1782 lib.
2290 1732 2341 1779 1.
2387 1737 2456 1802 p.
2503 1716 2618 1782 36.

1079 1817 1198 1881 lib.
1233 1834 1315 1880 ιι.
1345 1838 1412 1901 p.
1445 1818 1597 1883 119.
1629 1817 1748 1881 lib.
1782 1833 1883 1880 vr.
1912 1837 1984 1901 p.
2012 1816 2166 1882 487.

619 1935 727 1999 De
760 1932 848 2012 Q.
879 1931 1112 1997 Curtio
1149 1931 1384 1996 eadem
1431 1952 1638 2018 prope
1676 1935 1951 2017 querela
1978 1940 2105 2011 est,
2136 1934 2335 2020 cujus
2364 1935 2734 2002 laceratum
2843 1931 2844 1940 ’

530 2055 701 2120 opus
723 2034 1005 2116 leg-itur:
1036 2053 1422 2117 quanquam
1441 2033 1839 2100 Graecorum
1868 2042 1939 2101 et
1966 2034 2234 2102 Arriani
2261 2042 2532 2102 constat
2564 2038 2737 2103 His·

527 2137 720 2215 toria,
763 2155 854 2200 ex
900 2153 1186 2219 quorum
1215 2135 1514 2207 fontibus
1541 2135 1652 2201 hic
1682 2135 1989 2221 Scriptor
2016 2139 2123 2203 vel
2158 2137 2495 2224 Interpres
2536 2139 2734 2204 mirae

529 2235 934 2322 dulcedinis,
978 2239 1314 2321 regiaeque
1347 2239 1649 2322 profecto
1678 2239 2194 2322 magnificentiae
2220 2259 2365 2324 par,
2390 2240 2479 2304 ab
2509 2237 2737 2304 Alex-

528 2339 736 2407 andro
763 2360 906 2406 nou·
923 2340 1324 2423 degenerans
1354 2358 1533 2425 opus
1586 2359 1779 2407 suum
1822 2340 2136 2407 excudit:
2158 2418 2161 2425 Ι
2184 2341 2384 2425 cujus
2444 2360 2735 2407 summae

529 2449 689 2508 sunt
716 2443 1064 2525 dignitatis
1107 2448 1174 2507 et
1207 2442 1575 2509 Historicae
1622 2444 1985 2509 suavitatis
2026 2441 2403 2509 Orationes.
2488 2442 2739 2527 [Quod

529 2544 972 2609 Decembrius
999 2543 1284 2609 affirmat
1313 2543 1615 2610 Curtium
1645 2544 1963 2610 hausisse
2009 2564 2101 2609 ex
2146 2544 2413 2609 Arriani
2458 2564 2739 2629 quoque

525 2646 848 2724 fontibu3‚
878 2646 1274 2711 mendosum
1301 2652 1426 2712 est.
1516 2648 1843 2713 Arrianus
1870 2648 2101 2711 multis
2128 2646 2324 2712 annis
2355 2654 2519 2729 post
2564 2644 2741 2712 Gur-

498 2747 694 2847 ‘ium
724 2746 1044 2830 scripsit]

779 2930 1045 2994 Erasmi
1079 2928 1523 2996 Roterodami
1554 2930 1623 2994 in
1651 2929 1971 3015 Epistola
2002 2930 2462 2997 Dedicatoria.

613 3057 916 3125 Curtium
962 3059 1220 3124 itineris
1274 3082 1358 3123 ac
1405 3064 1853 3142 navigationis
1898 3063 2215 3130 comitem
2260 3062 2571 3147 adjunxi,
2616 3066 2741 3149 qui

525 3160 689 3227 mihi
719 3160 877 3225 olim
909 3178 1150 3243 puero,
1177 3160 1342 3223 mire
1392 3160 1721 3225 candidus
1766 3178 1847 3226 ac
1890 3167 2101 3227 tersus
2144 3171 2253 3228 est
2274 3166 2485 3229 visus.
2576 3164 2741 3233 Nec

529 3262 704 3327 alius
735 3280 894 3325 sane
923 3262 1112 3326 visus
1143 3268 1248 3327 est
1287 3282 1376 3327 ex
1405 3266 1595 3326 tanto
1639 3268 2025 3346 regustatus
2058 3265 2434 3331 intervallo.
2522 3266 2745 3333 Dolet

529 3363 892 3427 Auctorem
919 3363 1107 3428 lectu
1137 3364 1602 3446 dignissimum
1645 3362 1941 3442 ἀκέφαλον
1982 3367 2180 3431 nobis
2226 3386 2600 3453 superesse,
2630 3374 2745 3437 ni-

527 3466 766 3531 mirum
813 3464 1082 3529 duobus
1127 3466 1527 3549 primoribus
1570 3466 1761 3532 libris
1807 3469 2189 3549 amputatis,
2234 3468 2471 3533 ultimo
2516 3470 2741 3553 pluri-

525 3570 656 3633 bus
687 3570 754 3632 in
785 3568 957 3632 locis
987 3574 1223 3632 trunco
1249 3568 1641 3653 mutiloque.
1729 3566 2038 3633 Risimus
2066 3570 2319 3633 interea
2346 3566 2741 3637 Graeculam

527 3670 598 3734 in
651 3668 962 3745 Historia
1009 3670 1401 3748 vanitatem,
1451 3688 1661 3752 quam
1709 3676 1934 3734 tamen
1986 3666 2077 3748 Q.
2124 3668 2400 3737 Curtius
2442 3672 2739 3738 subinde

530 3778 940 3855 temperasse
975 3770 1263 3836 videtur.

1083 3948 1271 4015 Guil.
1299 3948 1555 4017 Budaei-
1578 3950 1666 4016 de
1692 3947 1873 4015 Asse
1898 3950 2015 4017 lib.
2046 3965 2163 4015 111.

615 4065 699 4129 In
716 4084 800 4130 ea
825 4065 1031 4148 igitur
1055 4067 1242 4144 urbe,
1273 4074 1566 4150 quantas
1592 4084 1753 4152 spes
1775 4066 2170 4133 Alexander
2192 4070 2470 4154 ceperit,
2502 4070 2739 4137 verbis

529 4168 748 4251 ipsius
781 4167 998 4233 Curtii
1027 4167 1345 4234 Auctoris
1373 4168 1537 4236 tersi
1564 4176 1634 4236 et
1660 4169 1997 4255 elegantis
2025 4172 2407 4237 referemus.
