2858 4782
569 351 652 401 m
701 351 1058 412 Qum‘rUM
1107 352 1457 400 suarium
1514 351 1804 400 aunum.
2078 393 2095 410 ,
2200 338 2287 403 47

130 501 146 530 ‘
173 495 516 560 distinctior
541 500 608 558 et
651 493 968 558 urbanior
1011 498 1080 558 et
1124 493 1320 558 altior
1377 491 1640 570 Cicero,
1690 492 2018 557 Cicerone
2065 493 2289 558 mitior

131 597 424 661 Corvinus
451 603 522 660 et
551 595 817 659 dulcior
843 595 1004 659 etin
1035 595 1254 658 verbis
1277 596 1496 676 magis
1526 595 1948 658 elaboratus?
2020 593 2291 658 Cicero-

131 700 218 762 nis
243 700 444 764 oratio
485 697 685 763 habet
714 696 1274 780 pulchritudinem
1311 697 1587 772 virilem,
1640 695 1857 760 Curtii
1886 714 2047 760 vero
2074 696 2291 764 oratio

131 799 300 864 habet
327 797 806 864 formositatem
837 797 1247 861 muliebrem.
1334 795 1467 860 Vel
1499 795 1705 864 etiam
1736 797 1836 860 sic
1874 797 2025 862 ferri
2071 805 2295 880 potest

131 901 456 968 sententia:
499 901 720 964 cultus
750 899 911 982 styli
955 897 1380 964 ciceroniani
1409 905 1516 962 est
1542 898 1953 974 matronalis,
1997 897 2293 966 Curtiani

135 1002 463 1085 virginalis.
551 1001 662 1066 Ita
699 1001 967 1084 judicat
1011 1000 1457 1065 Heumannus
1500 999 1570 1062 in
1616 997 1816 1064 Notis
1844 999 1931 1070 ad
1962 999 2293 1080 Curtium,

138 1122 284 1186 quas
319 1104 385 1166 in
431 1101 846 1166 Praefatione
896 1101 1196 1180 laudavi,
1241 1108 1445 1184 atque
1484 1099 1792 1184 equidem
1822 1117 1958 1165 non
1990 1100 2295 1174 dubitavi

137 1203 280 1266 tanti
307 1201 420 1267 viri
438 1201 776 1286 judicium
806 1199 1054 1266 addere
1080 1201 1513 1266 Testimoniis
1541 1200 1677 1272 iuis
1712 1199 1867 1268 VV.
1901 1202 2060 1266 DDa
2092 1203 2173 1268 de
2205 1201 2295 1282 Q.

142 1302 338 1368 Curtio
362 1301 546 1368 Rufo
577 1321 736 1385 quae
787 1302 857 1366 in
887 1302 1186 1369 editione
1217 1301 1813 1386 Snakenburgiana
1861 1310 2101 1372 extant
2149 1303 2299 1388 plu-

141 1423 304 1470 rima.

209 1505 547 1573 character
595 1508 756 1592 styli
802 1506 1108 1574 Curtiani
1153 1507 1457 1592 inprimis
1486 1508 1595 1574 his
1623 1508 1987 1575 virtutibus
2016 1511 2295 1576 existit:

143 1623 182 1669 1.
204 1607 400 1674 Totus
426 1615 530 1675 est
557 1609 1086 1691 metaphoricus,
1114 1611 1436 1676 attributa
1463 1610 1905 1674 animantium
1927 1612 2131 1678 rebus
2154 1613 2301 1677 ina-

145 1709 368 1774 nimatis
393 1711 716 1786 tribuenS,
745 1715 814 1774 et
844 1712 996 1774 vice
1027 1730 1241 1776 versa.
1322 1727 1418 1778 ιι.
1465 1710 1803 1777 Concisus
1845 1729 1963 1776 seu
1999 1727 2301 1794 pressae,

147 1809 320 1876 multa
365 1811 435 1876 in
493 1831 701 1876 unam
757 1812 1108 1894 periodum
1166 1813 1679 1896 participiorum
1736 1819 1867 1896 ope
1926 1819 2300 1880 coarctans.

149 1925 236 1974 ιη.
271 1912 602 1990 SelectuS,
647 1913 816 1976 inter
862 1913 1139 1996 phrases
1178 1913 1276 1978 rei
1305 1911 1764 1978 describendae
1793 1917 1989 1996 aptas
2039 1931 2303 1996 semper

152 2011 362 2094 eligens
389 2016 682 2078 maxime
710 2015 1052 2097 propriam
1083 2021 1152 2078 et
1185 2015 1483 2078 omnium
1526 2013 2111 2092 elegantissimam.
2202 2031 2301 2078 ιν.

151 2111 462 2196 copiosus,
499 2115 789 2182 eandem
820 2116 1332 2182 enuntiationem
1361 2120 1805 2181 recurrentem
1830 2115 2053 2181 multis
2080 2115 2304 2182 modis

153 2216 396 2280 varians.
505 2235 582 2280 ν.
640 2216 961 2296 vividus,
1007 2219 1557 2300 imaginationem
1610 2219 1705 2282 ita
1749 2217 2009 2293 feriens,
2069 2221 2143 2282 ut
2194 2235 2305 2280 res

155 2333 258 2378 non
297 2321 562 2397 narrari,
627 2318 747 2383 sed
794 2318 930 2402 geri
977 2318 1304 2399 videatur,
1365 2327 1571 2403 atque
1630 2318 1841 2381 lector
1896 2321 2106 2401 putet,
2154 2335 2305 2382 sese

155 2417 358 2482 actioni
390 2420 732 2483 inferesse-
843 2436 944 2481 vl.
977 2418 1394 2484 Numerosus
1424 2427 1492 2484 et
1519 2426 1711 2501 grata
1742 2416 2132 2500 trajectione
2163 2437 2308 2483 ver·

156 2514 349 2583 borum
373 2522 672 2583 animum
703 2520 778 2583 in
800 2520 1084 2600 legendo
1113 2520 1431 2585 retinens.
1528 2537 1655 2584 vn.
1716 2518 2303 2606 Castus‚,ea„quae

157 2636 206 2679 re
229 2619 422 2703 turpia
449 2625 631 2696 sunt,
655 2620 953 2685 honestis
985 2621 1340 2704 appellans
1371 2620 1779 2685 nominibus.

219 2716 500 2786 Ceterum
527 2730 646 2785 est
671 2721 1164 2799 admirandum,
1195 2732 1445 2806 quanta
1474 2743 1629 2789 cum
1660 2721 2010 2804 diligentia·
2039 2722 2107 2787 id
2151 2742 2309 2803 ege-

159 2818 222 2882 rit
244 2819 522 2901 Curtius,
555 2830 636 2886 ut
669 2822 850 2888 Livii
891 2825 958 2889 in
1003 2824 1288 2889 dicendo
1333 2831 1515 2887 esset
1559 2824 1816 2886 similis,
1906 2821 2137 2904 Atque
2185 2821 2313 2885 hoc

161 2919 318 2985 etiam
358 2923 524 2988 adeo
587 2923 686 2987 illi
727 2925 1080 3002 successit,
1105 2934 1186 2988 ut
1213 2924 1595 3006 exemplum
1622 2922 1707 2985 ad
1740 2920 2131 2987 imitandum
2159 2942 2315 3006 pro-

163 3022 404 3099 positum
433 3045 568 3089 non
601 3024 818 3097 solum
849 3028 1280 3108 expresserit,
1311 3024 1428 3089 sed
1458 3024 1661 3088 etiam
1689 3042 2159 3107 nonnunquam
2200 3042 2316 3087 su·

163 3128 464 3203 peraverit.
556 3128 874 3193 Raderus
928 3129 1092 3193 Not.
1144 3129 1228 3194 ad
1284 3128 1491 3197 Curt..
1530 3144 1643 3191 ιιι.
1674 3129 1744 3192 2.
1786 3128 1894 3193 11.
1946 3128 2315 3193 rectissime

165 3223 430 3305 ‘livium’
471 3229 722 3310 inquit,
771 3232 988 3290 ‘unus
1037 3231 1166 3303 est,
1219 3228 1336 3310 qui
1385 3227 1728 3291 orationis·
1762 3228 2117 3311 majestate
2148 3228 2315 3295 Cur-

169 3322 288 3389 tium
304 3335 448 3410 post
471 3348 548 3393 se
579 3328 872 3411 reliquit,
897 3327 1204 3393 acumine
1229 3326 1475 3408 ingenii
1504 3333 1572 3395 et
1598 3328 2071 3394 sententiarum
2098 3330 2320 3393 nervis

171 3422 392 3491 Curtius
431 3428 542 3493 illi
585 3428 692 3493 vel
739 3446 862 3510 par
905 3433 1032 3505 est,
1077 3427 1184 3491 vel
1215 3428 1418 3491 etiam
1454 3428 1806 3511 superior?
1896 3428 2077 3507 Quin
2116 3431 2321 3499 immo

172 3527 383 3603 penitus
423 3529 492 3592 in
537 3528 726 3598 Livii
782 3527 1301 3597 familiaritatem
1351 3548 1506 3592 sese
1558 3527 1845 3607 dedisse,
1874 3529 2159 3612 ejusque
2190 3514 2347 3601 non

175 3626 418 3700 colorem,
453 3636 522 3695 et
573 3633 900 3713 speciem,
939 3630 1056 3693 sed
1089 3630 1288 3699 etiam
1319 3649 1601 3695 succum
1632 3639 1705 3695 et
1734 3630 2127 3713 sanguinem
2161 3631 2323 3695 arri-

174 3728 354 3805 puisse
381 3730 662 3805 videtur‚
695 3748 820 3793 nec
850 3732 996 3794 scio
1030 3751 1117 3796 an
1149 3732 1338 3797 illum
1369 3733 1787 3815 superaverit
1816 3752 1970 3797 cum
1989 3732 2325 3815 puritatis,

106 3810 110 3942 ῙῙ
167 3834 276 3895 tum
292 3830 632 3912 elegantiae
661 3830 922 3908 studio,
949 3838 1018 3897 et
1049 3852 1186 3915 quo
1211 3833 1434 3897 minus
1460 3834 1615 3916 quis
1646 3832 1927 3905 dubitet,
1957 3853 2097 3898 rem
2130 3834 2223 3909 ita
2252 3854 2325 3897 se

110 3952 112 3987 ι
177 3926 384 4009 habere,
432 3932 724 3995 indicem
776 3933 1089 4014 plurium,
1141 3956 1292 4019 quae
1325 3936 1495 3999 forte
1524 3942 1951 4009 succurrunt,
1980 3933 2091 4001 hic
2122 3935 2328 4017 subji-

181 4028 309 4093 ciam
331 4032 695 4125 phrasium,
727 4033 975 4117 quibus
999 4040 1279 4119 uterque
1308 4033 1551 4109 iisdem
1582 4033 1669 4127 de
1700 4034 1899 4107 rebus
1920 4040 2027 4109 est
2053 4054 2260 4111 usus„
