2858 4782
627 356 892 406 surm..
937 354 1018 404 ιιι
1068 355 1138 414 Q·
1187 350 1535 402 suarum
1588 349 1728 398 mn.
1780 352 1829 400 1.
2221 337 2311 402 81

125 503 246 584 ipse
272 498 568 580 concepit,
605 507 677 558 ut
709 497 836 577 jam
879 497 1008 558 sine
1057 507 1224 576 patre
1265 495 1441 554 rebus
1472 491 1751 572 gerendis
1780 511 1847 553 se
1876 512 2085 572 parem
2106 493 2315 555 'existi-

127 605 326 656 maret-
383 594 534 654 Hoec
557 612 664 673 per
687 592 984 654 biennium
1017 601 1208 670 gesta.
1279 592 1379 648 20.
1407 587 1723 666 Philippus
1744 595 1941 648 autem
1969 590 2315 668 preparatis

126 692 414 762 omnibus,
453 709 590 768 quae
629 688 772 749 olim
815 687 1218 748 destinaverat
1261 678 1477 762 exequi
1514 693 1811 744 maturum
1836 695 2023 758 ratus,
2072 697 2317 764 exopta·

127 786 350 852 tissima
375 785 690 846 occasione
717 783 942 857 oblata,
985 794 1123 844 ante
1147 782 1382 843 initium
1407 780 1561 840 veris
1589 801 1725 840 cum
1752 781 2009 842 exercitu
2050 781 2113 839 in
2144 782 2319 848 Grae-

129 882 272 942 ciam
293 880 495 947 venitz
538 878 884 940 convocatis
933 878 1108 938 etiam
1157 897 1234 938 ex
1275 875 1695 954 Peloponneso
1736 877 1923 956 copiis
1962 876 2319 935 sociorum!

129 979 223 1036 21.
265 975 499 1054 Quippe
527 974 1024 1053 Amphictyonum
1048 974 1289 1034 decreto
1317 981 1553 1033 creatus
1579 983 1705 1033 erat
1734 974 2049 1052 imperator
2077 973 2320 1033 Graeco·

127 1091 272 1144 rum,
291 1079 362 1132 ut
381 1069 760 1132 insolentiam
780 1070 1120 1142 Locrorum,
1137 1070 1237 1148 qui
1255 1067 1637 1148 Amphissam
1658 1069 1945 1140 incolunt,
1964 1069 2321 1148 castigaret:

129 1184 378 1243 namque
405 1163 753 1243 Cyrrhoeum
781 1179 986 1243 agrum
1013 1163 1276 1244 Apollini
1313 1163 1601 1235 dicatum,
1650 1163 2149 1243 Amphictyonum
2178 1183 2323 1224 auc-

131 1261 360 1322 toritate
385 1269 708 1342 contemta,
731 1259 928 1322 colere
958 1261 1436 1339 perseverabant,
1466 1259 1797 1337 ducemque
1820 1263 1895 1320 ab
1922 1259 2013 1318 his
2038 1270 2323 1332 creatum,

127 1355 448 1416 intereuntis
500 1355 878 1436 quibusdam,
935 1356 1400 1416 vulneraverant.
1522 1357 1621 1416 22.
1683 1356 1828 1416 Erat
1874 1347 1999 1415 tum
2050 1355 2327 1436 Philippo

131 1451 317 1512 foedus
367 1469 504 1510 cum
549 1450 1036 1522 Atheniensibus,
1089 1451 1200 1511 sed
1249 1470 1461 1530 parum
1514 1451 1577 1508 in
1627 1471 1699 1511 eo
1746 1452 2009 1532 praesidii
2058 1453 2325 1511 futurum

132 1544 583 1617 arbitrabantur,
627 1544 680 1603 si
724 1544 848 1624 regi
896 1543 1192 1604 violandae
1237 1542 1376 1603 fidei
1422 1564 1648 1605 merces
1699 1545 2045 1608 affulsisset.
2144 1547 2331 1626 Igitur

129 1639 358 1717 legatos
385 1637 466 1696 ad
505 1637 702 1718 ipsum
728 1640 994 1712 mittunt,
1021 1639 1336 1720 petituros,
1378 1647 1396 1674 ⁸
1425 1648 1495 1698 ut
1530 1639 1723 1719 pactis
1775 1650 1996 1710 staret;
2037 1652 2141 1701 aut
2168 1649 2329 1701 certe

129 1745 266 1794 ante
310 1751 414 1794 ver
461 1733 734 1794 adultum
773 1733 921 1794 nihil
965 1734 1184 1796 hostile
1223 1735 1566 1794 moliretur:
1613 1735 2072 1795 deliberaturum
2106 1736 2331 1795 interea

127 1828 408 1908 populum
437 1819 882 1900 Atheniensem,
910 1849 1032 1908 qua
1059 1829 1286 1890 ratione
1311 1829 1773 1900 controversioe‚’
1812 1849 1947 1908 quoe
1976 1830 2330 1903 inciderant,

128 1922 444 2001 ‘componi
493 1921 780 2002 possent!
861 1927 962 1984 23.
1003 1924 1238 1983 Thebas
1287 1943 1525 2002 quoque
1575 1923 1936 2003 legationem
1984 1923 2329 1995 decernunt,

127 2037 262 2096 quae
287 2018 565 2095 exposito
605 2023 626 2053 ‘
647 2019 944 2078 communi
969 2017 1276 2097 periculo‚’
1301 2018 1656 2090 hortaretur,
1686 2027 1703 2054 ‘
1722 2028 1792 2078 ut
1818 2019 1992 2079 simul
2023 2039 2156 2079 cum
2185 2019 2333 2098 ipsis

124 2112 374 2174 tutelam
417 2112 672 2173 Groecioe
721 2112 1129 2193 susciperent?
1229 2111 1352 2172 Sed
1396 2111 1747 2192 Philippus·
1800 2131 1907 2191 per
1952 2112 2221 2193 hospites
2270 2123 2335 2174 et

127 2208 380 2280 amicos,
417 2226 670 2286 quorum
711 2209 1038 2279 Timolaus,
1079 2207 1535 2286 Theogitonque
1562 2217 1625 2267 et
1649 2207 1991 2267 Anemoetas
2017 2207 2336 2287 plurimum

127 2302 296 2382 apud
331 2303 492 2364 cives
535 2321 680 2364 suos
717 2313 1014 2381 poterant,
1043 2302 1360 2362 Thebanos
1387 2303 1447 2360 in
1477 2301 1735 2360 amicitia
1760 2301 2164 2361 Macedonum
2190 2320 2339 2361 con·

125 2400 331 2463 tinuit.
413 2402 516 2457 24.
547 2398 858 2475 Ratusque
889 2399 938 2457 si
967 2417 1102 2458 cum
1131 2395 1278 2457 solis
1304 2396 1768 2460 Atheniensibus
1798 2398 1996 2458 futura
2022 2416 2115 2457 res
2154 2405 2335 2471 esset,

125 2493 306 2555 facile
347 2512 416 2554 se
453 2492 814 2572 superiorem
837 2493 1007 2565 ,fore,
1056 2491 1230 2553 victis
1276 2492 1354 2551 ad
1383 2492 1766 2571 Amphissam
1788 2493 1988 2552 Locris
2016 2512 2338 2572 eorumque

127 2590 350 2657 sociisz
394 2588 458 2647 in
487 2587 799 2649 Procidem
827 2588 1044 2667 raptim
1071 2587 1295 2648 ductoo
1338 2588 1596 2665 agmine,
1640 2586 1909 2647 Elateam
1936 2590 2151 2648 finibus
2178 2588 2338 2648 The-

125 2686 424 2744 banorum
446 2681 620 2743 simul
637 2682 1208 2761 Atheniensiumque
1229 2681 1631 2741 imminentem
1654 2694 1929 2761 occupat,
1945 2682 2341 2763 impositoque

123 2776 438 2857 presidio,
458 2777 626 2837 velut
652 2777 712 2836 in
739 2779 883 2839 belli
911 2778 1136 2851 sedem,
1161 2778 1439 2856 operibus
1466 2777 1676 2835 munit.
1762 2781 1863 2838 25.
1904 2776 2047 2855 Ejus
2075 2779 2159 2836 rei
2188 2798 2341 2837 nun-

8 2910 10 2913 >
125 2872 245 2933 tius
271 2880 464 2935 noctu
490 2872 1250 2953 Athenasperlatustanta
1277 2872 1671 2950 trepidatione
1699 2874 1903 2932 urbem
1946 2872 2231 2949 implevit,
2276 2881 2343 2931 ut

8 2988 11 3027 ς
127 2988 266 3029 cnm
296 2966 488 3046 primo
533 2964 796 3028 diluculo
823 2969 1078 3049 populus
1121 2970 1184 3029 in
1232 2968 1581 3027 concionem
1622 2968 1906 3037 venisset,
1950 2968 2239 3026 invitante
2266 2988 2342 3028 ex

8 3116 10 3119 ,
125 3080 295 3123 more
319 3080 624 3143 praecone,
651 3067 671 3097 ‘
689 3065 796 3141 qui
822 3064 1080 3124 salutare
1107 3064 1316 3143 patriae
1337 3059 1652 3121 consilium
1678 3061 1943 3135 haberet,
1970 3063 2055 3121 uti
2081 3062 2349 3137 diceret?

125 3174 312 3219 nemo
353 3156 699 3217 surrexerit.
782 3161 882 3218 26.
905 3160 1138 3219 Donec
1175 3158 1617 3219 Demosthenes
1660 3158 2053 3237 congruentia
2094 3158 2344 3237 tempori

129 3251 463 3323 disserens,
492 3252 840 3330 persuasit,¹'
881 3260 899 3287 ⁶
919 3262 990 3312 ut
1031 3274 1064 3312 e
1091 3253 1342 3331 vestig-io
1368 3251 1583 3311 classis
1612 3263 1675 3312 et
1698 3253 1990 3312 exercitus
2019 3252 2345 3313 educeren-

8 3394 10 3399 .
127 3356 222 3408 tur
241 3366 264 3413 ;
309 3354 376 3407 et
401 3344 588 3423 legati
613 3353 740 3405 tum
778 3345 858 3406 ad
885 3356 1114 3409 ceteros
1147 3348 1417 3419 Graecos,
1466 3356 1592 3405 tum
1617 3347 1883 3425 inprimis
1912 3347 1989 3407 ad
2026 3348 2343 3407 Thebanos

8 3448 10 3499 ἰ
129 3442 513 3501 mitterentur
534 3440 572 3499 ι’
599 3440 660 3499 in
688 3440 844 3501 hanc
871 3442 1228 3502 sententiam
1257 3441 1501 3500 decreto
1528 3440 1711 3515 facto,
1734 3442 1959 3501 Chares
1992 3452 2053 3501 et
2080 3442 2343 3520 Lysicles

7 4386 19 4611 l

7 4640 22 4748 Ι

129 3537 446 3617 copiarum
493 3536 878 3615 imperatores
905 3536 1235 3609 constituti,
1264 3535 1707 3596 Demosthenes
1736 3536 2053 3616 legationis
2084 3536 2163 3596 ad
2188 3535 2344 3594 The-

129 3632 330 3693 banos
366 3629 692 3710 princeps⁴²
729 3630 814 3691 ire
849 3631 1056 3709 jussus
1084 3641 1198 3691 est.
1285 3632 1387 3691 27.
1429 3631 1570 3689 Non
1599 3631 1890 3692 fefellerat
1916 3652 1990 3691 ea
2014 3650 2109 3691 res
2139 3630 2347 3691 Maee-

133 3726 318 3785 donis
347 3725 673 3799 solertiam,
715 3726 980 3807 satisque
1023 3726 1442 3807 prospiciebat,
1490 3735 1719 3805 quanta
1740 3726 1880 3787 belli
1910 3728 2096 3786 moles
2126 3726 2349 3787 oritura

135 3830 328 3895 esset,
367 3822 424 3883 si
473 3822 630 3881 inter
680 3821 830 3882 istos
883 3822 1140 3903 populos
1185 3820 1380 3883 foedus
1438 3824 1837 3884 convenisset.
1946 3824 2047 3880 28.
2112 3817 2346 3902 Quippe

197 4016 240 4043 ⁸
271 4006 506 4071 Μία.
527 4013 705 4068 contr.
727 4008 962 4073 Ctesiph-
1259 4023 1412 4065 ‚xv-r.
1440 4024 1493 4073 p.
1515 4014 1630 4061 su.
2056 4047 2063 4055 .

202 4088 230 4113 ·
263 4082 546 4132 Demosth.
561 4082 630 4131 de
654 4083 874 4135 Corona.
1353 4092 1380 4127 Ρ
1412 4084 1682 4135 Demostb.
1703 4084 1770 4135 de
1790 4086 2011 4139 Corone.

203 4163 231 4187 0
252 4155 408 4206 Pht.
423 4154 694 4207 Demosth.
715 4173 772 4222 p.
792 4162 908 4211 8⁵4.
931 4160 1088 4212 Diod·
1108 4160 1213 4211 Sic.
1357 4167 1382 4202 *Ι
1416 4158 1559 4213 Plut.
1578 4161 1611 4212 Ι.
1632 4161 1671 4211 l.
1742 4162 1901 4215 Diod.
1921 4163 2027 4213 Sic.
2050 4164 2088 4215 1.
2106 4162 2143 4214 1.

279 4234 525 4299 Delum-et
557 4236 682 4289 Ver.
696 4237 826 4289 clas.
1136 4239 1202 4297 Q.
1226 4240 1366 4289 Cart.
1846 4228 1857 4235 ’
2178 4240 2221 4291 1²
