2858 4782
533 344 661 409 134
1321 358 1381 407 s.
1429 358 1935 409 rsmususnm

529 511 810 564 vertunt:
851 518 972 559 una
1009 508 1206 559 tamen
1249 499 1441 571 navis,
1468 518 1604 578 quoe
1648 498 1873 559 Iassios
1898 498 2176 571 vehebat,
2200 498 2577 579 deprehensa
2602 510 2735 566 est;

531 612 744 661 ceterae
784 596 1106 657 velociores
1147 594 1227 654 ad
1267 612 1437 653 suam
1476 594 1731 655 classem
1776 592 2157 673 effugerunt:
2198 595 2283 654 ita
2321 594 2487 655 nullo
2526 614 2737 655 eorum

531 714 666 773 quse
719 692 1095 753 intenderant
1147 688 1382 763 effecto,
1425 689 1639 751 Mileto
1688 691 2021 751 discessum
2072 701 2187 751 est.
2270 691 2333 751 6.
2370 689 2739 762 Alexander,

529 810 664 851 cum
693 808 864 851 suam
903 788 1158 849 classem
1185 806 1378 867 neque
1404 787 1609 847 hostili
1656 807 1879 869 parem,
1904 797 1964 848 et
1990 787 2071 847 ad
2096 787 2245 848 alios
2270 805 2419 847 usus
2446 805 2741 867 superva-

528 905 702 951 cuam
729 886 840 947 sibi
868 895 1156 956 cerneret,
1179 883 1470 964 multique
1496 893 1559 943 et
1584 902 1793 963 graves
1832 882 1913 941 ad
1938 901 2069 943 eam
2097 893 2327 943 sumtus
2366 882 2743 961 requireren-

528 994 643 1055 tur,
693 982 990 1042 dimittere
1035 998 1168 1039 eam
1221 979 1463 1047 statuit:
1487 988 1513 1023 b
1550 980 1757 1057 paucis
1803 978 2041 1038 navium
2088 978 2355 1051 retentis,
2398 978 2619 1056 quibus
2660 977 2746 1037 ad

529 1078 868 1143 obsidiones
923 1077 1154 1135 urbium
1208 1074 1501 1135 machinae
1556 1086 1967 1154 tormentaque
2010 1084 2405 1153 portarentur.
2489 1076 2551 1134 7.
2596 1072 2754 1132 Dis-

529 1182 801 1234 suaserat
821 1170 969 1231 illud
999 1170 1333 1241 Parmenio,
1361 1180 1785 1249 monueratque
1829 1179 1897 1229 ut
1938 1169 2133 1229 navali
2174 1167 2381 1248 praelio
2406 1168 2749 1231 contende-

531 1279 735 1331 retur.⁰
814 1276 832 1305 ⁸
865 1266 1300 1327 Macedonibus
1327 1267 1484 1327 enim
1512 1266 1833 1329 victoribus
1862 1284 2145 1345 magnum
2175 1264 2253 1325 ad
2282 1275 2481 1326 cetera
2508 1264 2753 1325 emolu-

527 1374 793 1425 mentum
841 1381 1216 1424 accessurum
1257 1380 1426 1424 esse:
1472 1374 1534 1422 at
1576 1364 1767 1423 victos
1818 1362 1961 1421 nihil
2006 1380 2150 1421 sane
2190 1360 2549 1429 amissurum
2592 1378 2747 1419 nam

529 1460 836 1539 imperium
863 1459 1040 1517 maris
1059 1456 1186 1537 jam
1213 1468 1338 1518 tum
1377 1477 1511 1519 esse
1539 1477 1723 1537 penes
1752 1457 1969 1517 Persas
1996 1474 2013 1524 ς
2054 1466 2117 1515 et
2142 1456 2341 1515 littora
2368 1455 2543 1517 facile
2573 1466 2750 1515 tuta·

528 1567 715 1627 turos,
742 1556 845 1634 qui
871 1554 1244 1634 pedestribus
1271 1556 1457 1633 copiis
1485 1554 1619 1632 plus
1660 1563 1911 1635 possent
1932 1553 1972 1619 ;’
2014 1555 2075 1614 8.
2119 1570 2357 1631 quoque
2392 1550 2749 1630 expeditius

530 1650 692 1729 quod
736 1649 1049 1709 videbatur
1092 1648 1404 1720 obtineret,
1450 1648 1605 1707 idem
1652 1651 1753 1728 qui
1794 1646 2109 1708 consilium
2156 1646 2423 1719 dederat,
2474 1654 2489 1681 ‘
2518 1648 2747 1725 exequi

525 1744 675 1804 illud
709 1755 979 1822 paratum
999 1743 1015 1768 ’
1041 1744 1418 1815 ostendebat,
1448 1750 1466 1778 ‘
1486 1743 1951 1822 conscensisque
1980 1740 2229 1801 navibus
2272 1759 2452 1825 quam
2478 1760 2585 1800 rex
2602 1740 2748 1820 jus-

528 1839 710 1898 sisset
763 1838 1117 1899 discriminis
1165 1850 1393 1918 partem
1442 1839 1797 1917 capessere!
1876 1836 2354 1897 confirmabatur
2398 1836 2579 1895 etiam
2628 1854 2749 1895 au-

529 1934 720 2013 gurio,
749 1932 910 2011 quod
954 1933 1348 2013 superioribus
1395 1933 1607 1994 diebus
1648 1952 1687 1991 a
1718 1945 1889 2011 tergo
1936 1931 2115 2011 regiae
2159 1930 2373 1992 classis
2422 1931 2627 2010 aquila
2676 1933 2746 1989 in

527 2028 1084 2091 littore-consistens
1111 2028 1498 2106 apparuisset.
1580 2030 1641 2089 9.
1680 2028 1903 2110 Contra
1922 2026 2267 2087 Alexander
2298 2034 2315 2061 ‘
2335 2025 2463 2085 falli
2492 2026 2747 2085 Parme-

527 2124 799 2186 nionem'
825 2120 1246 2195 asseverabat,‘¹
1272 2130 1289 2158 ‘
1312 2124 1412 2203 qui
1456 2142 1679 2204 pancas
1726 2142 1969 2183 suorum
2013 2142 2199 2183 naves
2242 2130 2425 2183 tantm
2471 2120 2749 2186 hostium

527 2217 910 2290 multitudini,
939 2218 1356 2297 imperitosque
1383 2220 1639 2298 remiges
1662 2229 1723 2278 et
1750 2217 1929 2279 rudes
1970 2218 2335 2291 classiarios,
2370 2218 2745 2278 exercitatis·

529 2315 696 2378 simis
722 2312 1080 2383 hominibus,
1109 2312 1310 2391 reique
1337 2314 1595 2402 nauticas
1635 2312 2027 2394 peritissimis,
2055 2312 2423 2391 objiciendos
2452 2312 2701 2373 duceret
2726 2334 2744 2373 ε

535 2414 630 2474 10.
677 2430 740 2472 se
783 2409 1022 2488 quidem
1049 2409 1250 2468 virtuti
1293 2428 1535 2470 suorum
1576 2428 1696 2468 non
1739 2408 2029 2481 diffidere,
2078 2419 2339 2469 ceterum
2380 2409 2528 2469 scire
2568 2409 2744 2470 illam

525 2507 586 2564 in
615 2505 922 2566 navalibus
964 2502 1511 2582 pugnisminimum
1551 2504 1819 2564 conferre
1856 2504 1935 2563 ad
1962 2502 2308 2566 victoriam:
2348 2505 2539 2565 multo
2572 2506 2743 2566 enim

525 2601 702 2680 plura
725 2615 1030 2660 ventorum
1057 2599 1461 2680 fluctuumque
1487 2598 1757 2660 ludibriis
1796 2600 2074 2679 permitti,
2104 2619 2240 2679 quae
2268 2601 2745 2680 gubernatorum

527 2707 710 2774 atque
739 2696 1021 2773 remigum
1051 2695 1262 2772 peritia
1288 2694 1519 2766 vitaret,
1546 2703 1651 2754 aut
1693 2694 1817 2754 suis
1844 2694 2109 2774 partibus
2140 2697 2473 2776 opp'ortuna
2498 2695 2749 2775 redige-

529 2802 650 2854 ret:
694 2809 807 2852 nec
835 2791 896 2848 in
924 2789 1184 2869 ipsarum
1213 2790 1448 2850 navium
1496 2789 1938 2850 constructione
1966 2789 2110 2850 nibil
2150 2803 2253 2851 aut
2280 2809 2485 2870 parum
2512 2791 2699 2850 situm
2728 2813 2745 2850 ι

535 2889 630 2946 11.
672 2886 758 2946 ita
799 2884 1199 2946 Macedonum
1239 2894 1493 2945 conatus
1522 2902 1709 2944 vanos
1748 2884 1895 2958 fore,
1922 2903 2058 2944 cum
2084 2905 2190 2945 eos
2238 2887 2469 2946 barbari
2495 2887 2745 2966 impune

530 2993 634 3046 aut
689 2980 950 3052 eludere,
1018 2992 1122 3042 aut
1180 2983 1388 3052 etiam,=
1438 2981 1489 3040 si
1536 2999 1713 3040 casus
1768 2980 2027 3053 daretur,
2084 2982 2411 3060 opprimere
2466 2994 2745 3061 possent.

534 3079 630 3136 12.
676 3077 886 3152 Neque
915 3094 1054 3134 vero
1095 3077 1370 3154 exiguum
1405 3076 1469 3135 id
1512 3075 1927 3136 detrimentum
1971 3076 2271 3137 futurum:
2312 3088 2496 3137 totam
2524 3078 2745 3139 Asiam

530 3181 884 3230 arrecturam
911 3167 1165 3241 animos,
1195 3170 1246 3228 si
1272 3171 1426 3230 inter
1450 3170 1619 3230 initia
1644 3171 1783 3230 belli
1830 3170 2037 3232 clades
2066 3182 2317 3251 accepta
2340 3171 2515 3236 foret.
2596 3173 2745 3234 Ple-

529 3283 745 3344 rosque
787 3263 1124 3324 mortalium
1169 3264 1258 3324 ita
1303 3276 1677 3344 comparatos
1724 3285 1880 3339 esse,
1922 3275 1992 3326 ut
2032 3285 2167 3328 eum
2217 3287 2411 3328 rerum
2454 3281 2743 3330 eventum

527 3357 962 3440 expectandum
1001 3370 1230 3440 putent,
1259 3381 1437 3440 quem
1466 3382 1540 3422 ex
1584 3363 1871 3442 principio
1918 3383 2303 3424 successuum
2332 3383 2437 3444 spe
2482 3377 2587 3425 aut
2614 3367 2746 3425 for-

527 3457 746 3519 midine
793 3469 1224 3535 praeceperunt.
1311 3457 1390 3518 Et
1432 3478 1509 3519 ne
1558 3459 1635 3519 de
1680 3461 1825 3520 Asia
1878 3458 2255 3529 dubitemus:
2300 3461 2511 3541 inquit,
2549 3467 2567 3496 ‘
2596 3463 2741 3540 quis

525 3553 667 3614 mihi
695 3552 1003 3632 praestabit
1051 3553 1296 3613 Graecos
1323 3555 1386 3614 in
1429 3555 1549 3619 fide
1588 3575 1923 3628 mansuros,
1954 3558 2005 3616 si
2056 3555 2401 3618 felicitatem
2438 3556 2601 3616 illam
2630 3577 2739 3617 ex-

522 3650 810 3728 piravisse
849 3647 1116 3720 credant,
1162 3669 1361 3727 quam,
1393 3652 1445 3711 si
1473 3671 1675 3714 verum
1722 3671 2013 3726 amamus,
2043 3671 2225 3712 unam
2252 3653 2313 3712 in
2356 3654 2527 3713 nobis
2558 3673 2731 3714 reve-

525 3743 767 3806 rentur?
855 3746 949 3804 13.
995 3743 1182 3804 Plane
1231 3746 1308 3806 ad
1356 3747 1654 3810 fortunam
1700 3769 1889 3810 meam
1936 3749 2231 3828 pertinere
2268 3749 2540 3823 arbitror,
2568 3751 2743 3829 quod

525 3840 726 3918 aquila
773 3858 928 3918 pone
973 3840 1226 3901 classem
1273 3855 1601 3924 conspecta
1649 3854 1761 3917 est,
1788 3845 1969 3924 idque
2018 3845 2158 3905 boni
2209 3863 2524 3904 successus
2555 3865 2737 3906 omen

526 3934 753 4012 accipio
782 3955 799 3994 ε
842 3935 950 3996 sed
979 3937 1094 3998 hoc
1138 3939 1454 4000 manifesto
1502 3940 1790 4019 promittit
1832 3939 2166 4020 augurium,
2195 3959 2306 4004 nos
2334 3939 2596 4000 hostium
2628 3961 2741 4001 na-

588 4104 612 4138 Ι·
647 4103 730 4154 Id.
749 4118 787 4153 1.
805 4110 886 4156 21.
919 4107 1082 4158 Diod.
1102 4110 1207 4160 Sic.
1231 4123 1374 4162 xvu.
1397 4125 1451 4176 p.
1470 4114 1587 4162 678.
1732 4113 1757 4146 ‘¹
1791 4111 1872 4163 ld.
1894 4113 1927 4162 Ι.
1952 4113 1987 4162 1.

589 4187 612 4213 ‘-
647 4179 852 4232 Arrian.
878 4193 920 4232 1.
943 4185 1022 4232 19.
1106 4213 1112 4221 ·
1620 4189 1633 4199 ⁶
