2858 4782
404 374 538 442 578
830 392 898 452 Q.
947 390 1210 441 cuarn
1262 390 1444 439 Ruri
1496 390 1646 440 mn.
1699 392 1833 439 vu.
1880 392 2047 441 cAP.
2090 378 2195 442 11.

404 552 587 599 mero
616 531 787 597 duos
824 538 891 597 et
932 546 1133 597 xxx.
1174 532 1246 597 iu
1290 550 1574 596 ascensu
1619 532 1946 597 interiisse
1977 542 2422 617 cognoscunt.
2507 536 2622 601 20.

407 635 592 712 Rex,
622 654 757 699 non
788 635 1109 718 cupidine
1140 636 1354 716 magis
1378 635 1680 717 potiundi
1706 636 1868 712 loci,
1889 656 2092 718 quam
2113 637 2334 701 vicem
2363 656 2624 714 eorum,

406 756 577 819 quos
608 736 697 799 ad
726 741 862 800 tam
892 736 1316 801 manifestum
1348 736 1720 818 periculum
1741 738 2042 815 miserat,
2067 739 2434 815 solicitus,⁴
2463 746 2622 803 toto

406 838 515 902 die
556 840 907 903 cacumina
952 839 1201 902 montis
1244 840 1515 903 intuens
1557 840 1834 903 restitit:
1891 847 2102 905 noctu
2133 841 2428 919 demum,
2459 858 2624 904 cum

408 940 787 1005 obscuritas
828 947 1268 1024 conspectum
1312 942 1664 1006 oculorum
1715 943 2100 1021 ademisset,
2133 943 2220 1006 ad
2247 942 2624 1007 curandum

409 1062 661 1126 corpus
704 1046 1005 1108 recessit.
1088 1045 1201 1108 21.
1247 1044 1531 1109 Postero
1573 1043 1680 1109 die
1723 1045 2016 1131 nondum
2049 1032 2215 1110 satis
2249 1046 2437 1110 clara
2465 1045 2624 1109 luce

407 1146 663 1228 primus
686 1146 861 1223 vela,
895 1148 1151 1228 signum
1182 1148 1371 1229 capti
1406 1148 1705 1225 verticiS,
1735 1151 2115 1231 conspexit.
2201 1148 2340 1213 Sed
2373 1168 2460 1211 ne
2492 1148 2623 1212 fal·

406 1244 653 1311 leretur
684 1249 896 1325 acieS‚
926 1248 1235 1311 dubitare
1266 1249 1552 1330 cogebat
1581 1251 1874 1313 varietas
1917 1252 2108 1329 coeli,
2139 1270 2316 1315 nunc
2345 1251 2626 1315 interni-

410 1353 593 1411 tente
624 1348 799 1412 lucis
844 1348 1122 1431 fulgore,
1154 1368 1327 1414 nunc
1374 1351 1677 1417 condito.
1764 1352 2018 1418 Verum
2049 1362 2122 1417 ut
2148 1354 2466 1437 liquidior
2493 1354 2622 1416 iux

411 1450 731 1533 apparuit
760 1451 960 1527 coelo,
993 1450 1321 1517 dubitatio
1350 1460 1625 1519 exemta
1653 1461 1763 1517 est
1780 1464 1813 1517 ε·
1865 1454 1978 1519 22.
2006 1460 2454 1537 vocatumque
2481 1452 2624 1517 Go-

409 1550 612 1634 phan,
663 1569 787 1634 per
825 1570 1029 1635 quem
1066 1554 1502 1617 barbarorum
1547 1555 1812 1618 animos
1859 1562 2250 1631 tentaverat,
2293 1556 2506 1619 mittit
2529 1556 2624 1618 ad

412 1672 557 1729 eoS,
582 1652 700 1735 qui
718 1661 1045 1731 moneret,
1074 1659 1097 1689 ‘
1113 1674 1289 1718 nunc
1306 1655 1546 1720 saltem
1571 1656 1912 1720 salubrius
1931 1658 2290 1721 consilium
2311 1656 2559 1720 inirent
2581 1656 2627 1721 ε’

412 1758 519 1821 sin
550 1764 777 1821 autem
808 1755 1061 1825 fiducia¹
1084 1754 1221 1822 loci
1250 1766 1783 1841 perseverarent,
1817 1762 1837 1792 ‘
1856 1755 2125 1823 ostendi
2155 1778 2192 1823 a
2229 1768 2420 1840 tergo
2439 1756 2456 1782 ’
2475 1758 2627 1843 jus-

410 1860 521 1936 sit,
567 1864 589 1891 ‘
612 1858 727 1941 qui
748 1866 1062 1943 ceperant
1092 1859 1445 1926 verticem?
1503 1860 1612 1923 23.
1657 1860 1936 1943 Cophas
1965 1862 2310 1925 admissus
2339 1862 2626 1925 suadere

412 1960 628 2041 coepit
657 1958 980 2039 Arimazi,
1030 1967 1051 1994 ‘
1076 1960 1330 2045 petram
1380 1962 1659 2039 tradere,
1698 1946 1983 2043 gratiam
2023 1964 2204 2045 regis
2245 1948 2514 2039 inituro,
2561 1964 2626 2027 si

413 2066 633 2124 tantas
681 2081 792 2125 res
839 2062 1217 2126 molientem
1258 2064 1327 2125 in
1366 2064 1572 2125 unius
1618 2064 1803 2145 rupis
1833 2064 2186 2127 obsidione
2214 2063 2462 2128 haerere
2491 2081 2624 2128 non

415 2160 792 2240 coegisset?
856 2152 1005 2238 Ille,
1026 2164 1317 2225 sei-ocius
1339 2164 1857 2245 superbiusque,
1884 2183 2081 2246 quam
2101 2170 2300 2229 antea
2327 2165 2622 2240 locutae,

416 2264 436 2294 ‘
465 2261 649 2325 abire
670 2260 689 2288 ⁹
722 2260 999 2345 Cophan
1010 2262 1227 2344 jubet.
1272 2263 1382 2326 24.
1414 2260 1510 2325 At
1527 2264 1586 2325 is
1607 2264 2006 2344 prehensum
2031 2284 2231 2327 manu
2259 2266 2624 2329 barbarum

415 2370 628 2446 rogat,
664 2369 682 2400 ‘
702 2369 775 2427 ut
806 2383 1033 2428 secum
1063 2373 1263 2429 extra
1295 2375 1570 2448 specum
1603 2367 1887 2449 prodeat
1907 2368 1946 2430 ε’
1975 2385 2115 2449 quo
2143 2368 2494 2450 impetrato
2513 2370 2628 2452 ju-

414 2485 618 2529 venes
647 2465 717 2527 in
749 2465 1098 2528 cacumine
1129 2466 1450 2545 ostendit,
1481 2465 1768 2548 ejusque
1813 2470 2145 2550 superbiae
2176 2469 2356 2533 haud
2397 2471 2628 2534 imme-

414 2567 545 2629 rito
572 2565 885 2644 illudens,
918 2571 938 2599 ‘
962 2567 1252 2648 pennas'
1298 2569 1395 2632 ait
1437 2572 1456 2602 ‘
1481 2567 1727 2632 habere
1760 2569 2009 2632 milites
2041 2569 2454 2635 Alexandri!
2512 2573 2626 2636 25.

484 2769 511 2805 ⁶
547 2771 705 2828 Quam
724 2772 782 2820 de
802 2772 989 2822 illmwn
1007 2777 1135 2823 sorte
1156 2772 1346 2822 anxins.

1587 2949 1710 2970 m

426 3065 609 3116 XXX.
674 3064 829 3112 Voss.
854 3068 903 3112 2.
924 3065 1113 3112 ducenti
1130 3069 1179 3114 et
1205 3065 1262 3113 X
1264 3065 1317 3113 X
1318 3066 1387 3114 X.
1408 3066 1670 3116 interiisse.
1737 3069 1885 3117 Voss.
1905 3073 1953 3117 1.
1979 3077 2032 3118 et
2057 3067 2180 3119 Ald.
2197 3070 2437 3120 interisse.
2505 3075 2629 3124 Flo-

419 3138 555 3178 rem.
580 3125 723 3176 [aeid.
756 3128 898 3176 Voss.
920 3133 967 3176 2.
991 3129 1159 3192 Bong.
1179 3134 1222 3178 1.
1260 3129 1450 3179 Fauen.
1475 3139 1530 3180 et
1551 3133 1686 3180 Mer.
1707 3138 1970 3193 agnoscunt
1991 3149 2010 3190 ,-
2053 3135 2202 3182 νοω.
2227 3138 2272 3183 1.
2299 3135 2470 3198 Bong.
2495 3143 2544 3187 2.
2571 3147 2630 3190 et

420 3193 565 3242 Pitb.
586 3195 998 3240 uanescunt—20
1033 3193 1259 3242 Floreat.
1285 3193 1431 3242 Leid.
1457 3195 1604 3244 Voss.
1627 3200 1675 3243 1.
1710 3197 1823 3244 Pal.
1849 3203 1896 3244 l.
1931 3199 2070 3246 Dan.
2087 3197 2226 3246 ΛΜ.
2255 3198 2394 3248 Mer.
2417 3210 2474 3250 et
2497 3201 2626 3252 Bas.

419 3257 525 3306 vice
544 3269 723 3304 eorum.
774 3257 926 3304 Voss.
950 3262 1001 3304 2.
1038 3257 1251 3306 solicitus
1272 3258 1548 3308 immiserat.
1617 3259 1739 3308 ΑΜ.
1776 3260 1966 3310 intuens
1997 3263 2196 3311 resistit.
2263 3263 2409 3313 Pith.
2431 3268 2626 3316 domum

420 3334 517 3386 pro
537 3322 739 3368 demum.
806 3320 1230 3370 Modiin-‚omittit
1250 3325 1638 3372 oculorum—21
1675 3323 1900 3372 Florem.
1926 3325 2070 3375 Leid.
2091 3327 2236 3376 Voss.
2261 3332 2307 3376 1.
2343 3328 2498 3379 Frob.
2519 3331 2632 3380 Ve-

416 3393 531 3434 net.
556 3386 751 3432 Veron.
784 3384 910 3432 Vet.
934 3397 1016 3433 an.
1038 3388 1184 3432 1474.
1252 3387 1468 3435 Mediol.
1492 3387 1614 3437 Ald.
1641 3389 1810 3437 Colin.
1835 3389 2040 3452 Gryph.
2073 3391 2196 3439 Bau.
2235 3391 2350 3440 Col.
2383 3399 2441 3441 et
2480 3395 2625 3446 Mer.

418 3455 533 3498 tenc
553 3448 891 3505 internitente,-
925 3449 1041 3498 Pal.
1066 3454 1110 3499 1.
1132 3449 1310 3512 Sigeb.
1332 3458 1389 3498 et
1411 3452 1578 3511 Βοῦς.
1609 3456 1657 3501 1.
1691 3465 1816 3501 nunc
1835 3454 2180 3512 internitme‚·
2209 3459 2474 3506 nonnullae
2497 3459 2625 3509 edd.
2717 3458 2724 3462 ’

421 3529 451 3562 a
478 3514 619 3562 Mod.
644 3527 801 3576 unque
826 3513 890 3561 ad
928 3513 1159 3562 Freinsh.
1180 3513 1241 3562 τὸ
1272 3527 1397 3562 nune
1422 3523 1642 3580 utroque
1671 3517 1784 3565 loco
1803 3518 2074 3579 omlttunt,
2095 3527 2152 3566 et
2187 3533 2280 3580 pro
2311 3523 2500 3569 condico
2535 3525 2626 3573 ln·

423 3579 548 3627 bont
570 3577 785 3634 condita]
841 3585 897 3626 et
918 3578 995 3626 sie
1036 3579 1266 3627 Florem.
1290 3579 1442 3629 Leid.
1475 3589 1532 3628 et
1571 3581 1718 3630 Voss.
1745 3587 1790 3630 1.
1823 3583 2028 3630 condito.
2069 3584 2138 3631 Ut
2167 3583 2394 3646 liquidior
2425 3587 2541 3636 Pal.
2577 3593 2628 3637 1.

419 3643 637 3691 eonditor
678 3647 731 3690 ut
776 3642 1001 3704 liquidior
1032 3643 1198 3705 Boug.
1248 3648 1293 3691 1.
1340 3646 1524 3694 conditi
1562 3659 1720 3693 rerum
1765 3647 1914 3694 vose.
1953 3649 2137 3695 2.-22
2175 3649 2425 3696 Nonnulli
2463 3653 2622 3700 codd.

420 3705 670 3756 omittunt
690 3707 817 3754 coelo.
883 3707 1113 3755 Florem.
1141 3706 1285 3755 Leid.
1306 3707 1456 3757 Voss.
1481 3714 1526 3759 l.
1549 3716 1605 3758 et
1628 3711 1736 3760 Elz.
1765 3711 1973 3772 Cophen.
2039 3712 2192 3760 Voss.
2211 3715 2260 3760 2.
2281 3717 2622 3772 tentaverunt,-

423 3772 571 3821 Leid.
595 3780 651 3819 et
675 3771 820 3819 Voss.
862 3775 908 3818 1.
942 3776 1303 3834 temptaverunt.
1370 3773 1510 3822 Pith.
1549 3774 1726 3824 inirent
1763 3775 2160 3824 comitium—23
2196 3775 2425 3825 Floreat.
2467 3779 2624 3828 Lend-

421 3837 573 3884 Voss.
608 3839 653 3883 1.
690 3835 856 3897 Bong.
892 3834 978 3882 alii
1016 3835 1212 3898 Cophes.
1280 3837 1514 3886 Floreat.
1548 3838 1696 3887 Leid.
1732 3839 1886 3889 Voss.
1919 3843 1969 3888 2.
2007 3839 2146 3888 Dan.
2195 3841 2386 3889 venet.
2425 3842 2620 3893 Veron.

421 3900 541 3948 Vet.
568 3913 649 3948 an.
677 3903 820 3948 1474.
845 3898 1061 3948 Mediol.
1092 3899 1208 3949 Ald.
1233 3899 1398 3949 Colin.
1424 3910 1482 3950 et
1506 3901 1710 3966 Gryph.
1729 3905 1794 3952 ad
1814 3918 1892 3951 eos
1905 3903 2106 3959 missum,-
2155 3903 2308 3952 Voss.
2333 3909 2380 3954 1.
2402 3908 2621 3957 amisus.

416 3963 655 4024 florent.
681 3963 828 4012 Leid.
854 3971 909 4011 et
930 3963 1082 4013 Voss.
1113 3970 1155 4013 1.
1176 3966 1419 4016 Aramazz'.
1489 3965 1650 4016 Amst.
1675 3967 1902 4017 traderet.
1969 3969 2204 4016 Florent.
2232 3968 2377 4019 Leid.
2397 3971 2545 4020 Voss.
2570 3976 2620 4021 1.

423 4031 474 4076 2.
508 4027 645 4075 Dan.
672 4036 723 4076 et
748 4027 913 4090 Bong.
934 4028 1109 4077 inituri
1122 4045 1143 4087 ,·
1177 4029 1229 4077 in
1252 4029 1422 4092 Bong.
1465 4035 1510 4079 1.
1551 4031 1666 4079 loco
1704 4033 1723 4080 i
1752 4033 2086 4082 substitutum
2119 4035 2169 4082 9.
2202 4039 2258 4082 nt
2293 4033 2361 4082 sit
2394 4035 2622 4086 initur-uu.

430 4091 658 4140 Freinsh.
684 4093 912 4140 mavult:
947 4095 1162 4141 traderet
1180 4109 1234 4156 ς.
1255 4109 1297 4142 r.
1319 4093 1672 4145 initura—24
1707 4097 1851 4146 Leid.
1869 4097 2022 4146 Voss.
2041 4103 2090 4147 1.
2113 4103 2168 4146 et
2185 4097 2352 4162 Bong.
2369 4113 2586 4162 prensum
2600 4115 2620 4155 .-

426 4155 593 4216 Bong.
619 4157 663 4203 l.
684 4157 1037 4218 wulteranum.
1105 4157 1243 4206 Pitb.
1267 4163 1408 4207 exeat
1424 4173 1628 4222 specum.
1694 4161 1922 4210 Florent-
1946 4161 2091 4210 Leid.
2113 4161 2262 4212 voss.
2289 4167 2334 4210 1.
2359 4167 2406 4212 2.
2429 4165 2622 4212 Vener.

428 4220 549 4268 ΑΜ.
587 4219 755 4274 Colin.
790 4219 993 4282 Gryplx.
1030 4221 1188 4271 Frob.
1222 4223 1355 4274 Mer.
1393 4223 1504 4274 eol.
1543 4233 1600 4273 ct
1638 4225 1760 4274 Bas.
1783 4217 1882 4284 dne
1901 4227 2146 4290 superbia.
2215 4227 2446 4278 Floreat.
2467 4228 2618 4279 Leid-
