2858 4782
665 411 923 459 surm..
973 407 1052 458 m
1104 406 1170 473 Q,
1219 402 1573 461 cmi-rum
1622 413 1765 460 mn.
1815 414 1862 460 1.
2268 403 2357 466 75

145 551 396 612 alterius
423 549 662 630 ingenio
689 553 924 630 equinas
947 551 1194 636 ungulre
1221 552 1523 624 inditum,⁰
1562 563 1625 612 et
1668 553 2033 633 Babylonem
2076 555 2354 635 deporta-

143 657 295 720 tum,
347 666 548 706 rumor
575 648 914 726 suspicatus
941 658 1055 709 est.
1137 651 1236 707 23.
1282 647 1599 708 Adamavit
1637 661 1695 708 et
1724 651 2031 720 musicam,
2058 651 2230 730 eique
2260 673 2354 714 se-

147 745 292 804 riam
343 743 516 804 initio
557 751 798 823 operam
837 743 1040 804 dedit:
1084 744 1278 803 donec
1305 742 1743 804 contumeliosa
1766 745 2221 824 interrogatione
2250 769 2355 828 pa.

147 841 274 911 tris,
299 845 337 888 6
355 839 576 918 ecquid
603 838 854 917 puderet
881 849 1002 898 tam
1032 839 1178 900 scite
1207 857 1420 900 canere
1436 837 1483 897 'l’
1514 839 1678 899 velut
1702 853 1883 900 artem
1914 861 2039 900 suoe
2063 843 2355 922 majestati

149 935 516 1006 indecoram,
545 934 944 1012 negligentius
973 944 1228 1012 tractare
1254 935 1459 1014 coepit.
1527 937 1627 995 24.
1672 937 1807 1004 Quo
1836 936 2079 1015 quidem
2094 949 2357 1018 tempore
2404 985 2415 994 .

150 1029 442 1111 magistro
470 1029 760 1090 chordam
793 1027 1094 1108 quandam
1123 1051 1197 1090 ex
1243 1031 1382 1092 artis
1432 1031 1781 1110 praescripto
1828 1033 2064 1112 pulsare
2104 1031 2357 1112 jubenti,

149 1127 334 1206 ‘quid
365 1138 564 1186 autem
593 1125 848 1198 referat(
875 1127 1084 1206 inquit,
1127 1134 1146 1164 ‘
1167 1127 1217 1186 si
1248 1127 1402 1188 hanc
1438 1127 1747 1206 pulsavero
1764 1126 1809 1185 ’.θ’
1851 1128 1907 1186 in
1950 1129 2127 1188 aliam
2166 1130 2361 1190 inten-

151 1219 300 1284 dens
331 1221 641 1302 digitum?
721 1223 804 1283 At
839 1222 961 1296 ille,
1003 1223 1185 1282 ‘nihil
1233 1224 1449 1284 referre
1494 1223 1671 1282 futuri
1718 1223 1894 1302 regis,
1938 1223 2117 1285 futuri
2161 1237 2357 1286 autem

149 1317 462 1379 citharoedi
498 1317 755 1389 referre,’
795 1319 1125 1397 respondit.
1205 1321 1306 1378 25.
1351 1318 1703 1378 Delectatus
1744 1318 2028 1398 deinceps
2082 1331 2174 1380 est
2201 1339 2359 1380 mas-

149 1413 286 1474 culo
318 1423 526 1488 cantu,
549 1433 685 1476 cum
715 1414 922 1475 molles
950 1416 1290 1493 fractasque
1319 1413 1759 1474 modulationes
1788 1425 1855 1473 ut
1881 1415 2202 1495 perniciem
2231 1433 2360 1476 mo·

151 1529 278 1570 rum
301 1519 696 1571 aversaretur.
761 1512 896 1579 Quo
925 1511 1164 1569 nomine
1191 1509 1447 1568 maxime
1480 1510 1787 1588 amplexus
1816 1521 1911 1569 est
1936 1510 2361 1584 Timotheum,·¹

153 1608 292 1666 artis
343 1606 476 1686 ejus
522 1605 892 1686 professione
921 1606 1236 1667 celebrem.
1323 1607 1426 1666 26.
1482 1605 1592 1664 Ille
1618 1606 1768 1664 enim
1802 1609 2255 1666 accommodata
2280 1605 2359 1666 ad

151 1703 454 1782 ingenium
486 1702 648 1762 illius
675 1703 944 1773 scientia,
975 1703 1175 1772 modo,
1223 1719 1400 1780 quem
1441 1706 1460 1734 ‘
1486 1699 1809 1780 Phrygium
1832 1701 1850 1728 '
1892 1701 2238 1782 appellant,'
2276 1702 2361 1762 ita

153 1798 480 1878 aliquando
527 1817 664 1858 eum
707 1798 922 1877 rapuit,
967 1809 1034 1857 ut
1077 1809 1361 1877 tanquam
1403 1795 1605 1857 divino
1634 1796 1917 1856 instinctu
1948 1795 2364 1857 exardesceret

153 1894 372 1964 animo,
399 1904 484 1964 et,
509 1893 677 1954 velut
701 1895 1031 1975 propinquo
1053 1894 1179 1974 jam
1202 1894 1398 1966 hoste,
1428 1891 1506 1952 ad
1533 1912 1697 1952 arma
1724 1893 2015 1973 capienda
2042 1893 2359 1974 prosiliret.

154 1993 250 2052 27.
297 1989 674 2070 Eloquentiae
695 1990 880 2051 etiam
927 1991 1038 2050 sub
1063 1991 1431 2050 Anaximene
1464 1989 1872 2068 Lampsaceno
1916 1987 2180 2049 studuit:
2222 2007 2359 2068 qum

155 2107 246 2147 res
279 2086 664 2168 postmodum
696 2086 1164 2148 incolumitatem
1197 2087 1330 2146 urbi
1369 2085 1591 2158 attulit,
1618 2105 1756 2145 cum
1794 2086 2105 2145 Persarum
2136 2085 2351 2164 opibus

155 2183 495 2244 studentem
523 2179 864 2242 Alexander
891 2183 1124 2244 diruere
1146 2183 1577 2244 constituisset.
1646 2185 1744 2242 28.
1778 2181 2177 2261 conspicatus
2206 2182 2363 2242 enim

157 2279 584 2363 Anaximenem
611 2289 631 2314 ⁸
670 2289 840 2339 extra
865 2279 1084 2340 moenia
1119 2279 1538 2360 prodeuntem,
1580 2297 1693 2338 nec
1730 2276 2037 2347 dubitans,
2065 2277 2210 2358 quin
2252 2295 2363 2357 pro

157 2373 345 2455 patria
388 2373 772 2455 deprecatum
803 2374 1084 2449 venisset,
1125 2381 1144 2412 ⁸
1174 2375 1522 2437 Graecorum
1570 2373 1735 2435 Deos
1773 2382 2025 2435 testatus
2080 2383 2196 2447 est,
2240 2356 2361 2433 non

155 2472 449 2533 facturum
479 2488 548 2531 se
574 2470 738 2550 quod
761 2472 1054 2550 petisset!
1137 2473 1274 2541 Quo
1302 2471 1509 2532 audito
1536 2470 1791 2531 callidus
1832 2470 1935 2530 ille
1960 2468 2215 2549 rogavit,
2254 2476 2275 2504 ‘
2297 2481 2365 2530 ut

157 2566 546 2647 lampsacum
575 2566 874 2629 dirueret.’
953 2568 1064 2628 llle
1105 2578 1168 2629 et
1199 2567 1585 2649 jurisjurandi
1628 2566 1915 2645 religione
1962 2566 2263 2638 astrictus,
2301 2575 2365 2626 et

155 2664 344 2743 mag-is
393 2662 576 2725 etiam
618 2664 1001 2743 praeceptoris
1049 2664 1190 2725 olim
1232 2664 1328 2724 sui
1373 2662 1705 2742 sagacitate
1752 2662 2061 2735 delinitus,
2112 2663 2363 2741 gratiam

157 2760 510 2822 delictorum
541 2759 960 2839 Lampsacenis
987 2761 1145 2821 fecit.
1229 2762 1328 2821 29.
1371 2758 1694 2819 Gomoedos
1722 2769 1791 2818 ut
1816 2758 2089 2819 instituto
2116 2776 2227 2818 suo
2255 2778 2373 2838 pa·

155 2876 278 2917 rum
305 2856 704 2936 congruentia
735 2864 1079 2929 tractantes,
1107 2853 1673 2935 corrumpendisque
1702 2854 1962 2913 moribus
1989 2861 2187 2925 natos,
2214 2868 2367 2913 con-

159 2952 372 3013 temsit.
373 2966 394 2999 ⁸
445 2950 759 3031 Neglexit
786 2962 848 3012 et
874 2952 1128 3033 pugiles,
1179 2968 1522 3061 quanquam
1564 2946 1805 3008 maximi
1850 2956 1978 3008 tum
2025 2948 2088 3007 in
2126 2946 2367 3009 Groecia

155 3048 403 3111 fierent.
445 3046 600 3109 forte
645 3048 810 3127 quod
856 3048 1080 3110 otiosos
1125 3058 1190 3109 et
1237 3048 1467 3129 sagium
1520 3045 1815 3118 addictos,
1859 3042 2063 3105 valida
2102 3043 2367 3105 membra

159 3142 632 3223 spectaculorum
661 3144 861 3224 potius
881 3142 1176 3217 ludibriis,
1225 3163 1407 3223 quam
1452 3142 1663 3225 patriae
1696 3138 2157 3201 necessitatibus
2198 3156 2363 3200 com-

157 3240 421 3313 modare,
448 3256 572 3299 non
597 3240 908 3320 probabat.
993 3242 1093 3302 30.
1142 3238 1432 3319 Reliquas
1460 3242 1668 3313 artes,''
1696 3236 1873 3297 etiam
1902 3254 2055 3315 quas
2082 3233 2213 3315 ipse
2240 3254 2363 3295 non

159 3336 458 3417 attigerat,
503 3336 778 3415 impense
813 3334 982 3396 fovit.
1065 3334 1240 3396 Unde
1266 3356 1343 3396 ex
1369 3346 1501 3398 toto
1526 3337 1651 3397 fere
1692 3334 1833 3394 orbe
1878 3330 2104 3411 passim
2152 3331 2229 3391 ad
2270 3332 2365 3411 ip-

159 3452 284 3493 sum
330 3430 743 3505 confluebant,
786 3432 1146 3512 quicumque
1187 3432 1408 3511 insigni
1427 3432 1630 3510 aliqua
1650 3426 1863 3509 peritia
1878 3425 2219 3505 procellere
2249 3426 2365 3487 sibi

159 3529 547 3589 ridebantur:
591 3527 764 3607 eique
790 3527 886 3587 vel
905 3527 1129 3607 ingenii
1157 3528 1248 3587 sui
1269 3536 1656 3587 monumenta
1682 3522 2045 3599 dedicabant
2075 3540 2094 3589 ς
2143 3518 2237 3581 vel
2258 3518 2363 3582 ex·-

159 3624 344 3686 hibito
391 3622 538 3685 artis
580 3642 709 3683 susc
757 3622 1096 3703 specimine,
1138 3641 1176 3684 a
1213 3619 1763 3683 munificentissimo
1811 3632 2042 3692 reg-um,
2086 3626 2151 3674 et
2187 3617 2363 3715 cujus

217 3788 600 3839 00uttxmlo
624 3790 706 3839 lo.
756 3785 964 3838 Arrisn.
1001 3798 1106 3836 vn.
1143 3790 1226 3836 27.
1367 3784 1645 3834 ⁸.Paussn
1666 3770 2141 3831 v1.Vsl.Maxim.
2178 3779 2284 3817 vn.
2315 3770 2365 3817 8.

159 3855 1956 3915 Ptin.fflst.Nst.xxx.1o.PlutAlex.4.Sui‹1nvoc.’1maeua.
2090 3865 2097 3871 ·

163 3952 210 4001 1²·
229 3942 350 3988 707·
1367 3936 1387 3969 ⁸
1414 3935 1561 3985 Plut·
1592 3932 1749 3983 Alex.
1790 3944 1843 3993 p.
1864 3930 1983 3977 666.
2018 3923 2102 3974 Id.
2126 3920 2197 3973 de
2217 3920 2361 3971 Fort.

221 4021 248 4055 Ι·
269 4012 516 4064 AElisnd.
529 4014 568 4064 1.
583 4025 676 4065 m.
693 4014 778 4062 82.
1298 4013 1453 4064 Alex.
1474 4010 1629 4059 Orat.
1652 4020 1713 4058 n.
1734 4004 2017 4055 Athenaeus
2038 4014 2079 4049 1.
2099 4003 2180 4051 18.

223 4098 248 4133 ⁸
278 4089 468 4142 Suidss
491 4104 604 4155 ὀη
621 4087 782 4151 wuido.
1363 4088 1560 4138 1Ρ1.ιιι
1580 4082 1697 4135 adv.
1721 4082 1978 4132 Colotsm.
2002 4092 2051 4127 c.
2068 4080 2153 4126 60.
2196 4072 2281 4125 ld.
2297 4070 2363 4120 de

223 4166 378 4216 ‘nio
409 4166 500 4218 Pr.
517 4168 673 4219 Orat.
697 4169 742 4216 1.
791 4164 936 4215 Plut.
979 4162 1132 4215 Alex.
1167 4180 1220 4231 p.
1299 4166 1446 4218 Fort.
1467 4160 1621 4212 Alex.
1636 4172 1675 4210 1.
1704 4160 1783 4209 14.
1800 4162 1937 4209 ctu.
1964 4157 2012 4205 1.
2030 4155 2157 4203 etet.

163 4240 514 4295 672.1(1.(10
535 4242 682 4295 Fort-
702 4242 854 4291 Alex.
876 4256 940 4294 n.
964 4244 1011 4295 4.
