2858 4782
45 4360 52 4431 -,,
43 4120 50 4299 ——
41 3916 48 4089 ..—-
32 2749 48 3893 —ffl-—rrm—-n-n*-—*

572 358 662 425 84
1363 369 1424 421 J.
1474 367 1975 421 rattusnnmr

569 514 779 594 flagitii
807 531 1032 573 merces
1059 508 1251 584 detur,
1291 510 1461 571 utilia
1486 528 1524 569 a
1550 508 1767 580 noxiis,
1806 520 1971 569 recta
2006 509 2083 568 ab
2124 508 2459 569 inhonestis
2482 524 2599 567 non
2628 508 2752 567 dis-

571 612 886 689 tinguunt:
927 610 1114 680 lucro,
1157 626 1280 667 non
1330 606 1547 666 affectu
1592 605 1825 665 virtutis
1872 614 1979 663 aut
2004 604 2235 683 patrie,
2278 624 2477 685 neque
2506 604 2764 663 Deorum

571 706 944 765 hominumve
988 704 1314 763 reverentia
1361 702 1681 763 ducuntur.
1769 703 1863 760 18.
1908 700 2105 761 Nolite
2148 700 2385 761 honesti
2412 699 2633 779 aliquid
2660 709 2767 758 aut

574 800 796 879 egregii
844 809 1154 877 expectare
1201 800 1278 857 ab
1317 798 1412 857 his
1455 797 1831 856 hominibus:
1876 796 2091 855 vestris
2116 795 2469 855 utilitatibus
2496 812 2611 853 non
2636 812 2767 852 mo·

575 906 805 965 ventur,
845 896 948 971 qui
991 893 1200 972 patriai
1245 904 1369 952 tam
1417 892 1574 951 male
1621 890 1962 951 consulunt.
2051 891 2358 971 Implicare
2402 908 2511 949 vos
2558 888 2771 948 volunt

570 990 782 1050 iisdem
809 988 1268 1061 calamitatibus,
1308 1006 1384 1047 ex
1432 986 1648 1067 quibus
1694 976 1899 1046 modo*
1922 986 2323 1047 Macedonum
2350 986 2563 1045 virtute
2588 994 2772 1063 atque

573 1085 694 1144 fide
721 1082 948 1143 liberati
975 1083 1119 1142 estis
1145 1102 1160 1141 ε
1192 1092 1479 1161 tantoque
1505 1082 1847 1161 majoribus,
1878 1091 2102 1160 quanto
2130 1080 2557 1141 formidabilior
2580 1080 2775 1141 hostis

573 1181 808 1239 futurus
835 1188 997 1237 esset
1021 1176 1355 1256 Philippus,
1383 1194 1565 1253 quam
1594 1176 1985 1246 Philomelus,
2015 1186 2121 1235 aut
2144 1168 2555 1236 Onomarchus
2580 1174 2776 1235 fuere.

573 1276 678 1335 t19.
710 1274 864 1331 Nam
891 1273 952 1330 in
980 1272 1244 1349 precario
1273 1271 1515 1349 imperio
1544 1271 1723 1329 etiam
1752 1271 1891 1331 boni
1916 1270 2089 1331 ducis
2110 1280 2361 1331 conatus
2390 1268 2551 1329 haud
2574 1269 2777 1329 minus

573 1369 736 1429 cives
785 1385 965 1446 quam
1004 1366 1208 1425 hostes
1257 1366 1671 1445 praepediunt:
1734 1384 1941 1444 regum
1979 1365 2165 1443 jussis
2212 1382 2390 1425 nemo
2438 1360 2779 1437 intercedit,

574 1478 749 1523 nemo
777 1462 1147 1540 refragatur:
1187 1463 1364 1521 unius
1393 1460 1633 1520 arbitrio
1662 1462 1859 1520 cuncti
1887 1470 2193 1537 reguntur.
2274 1460 2345 1519 In
2398 1478 2539 1537 quc,
2579 1476 2781 1536 quan-

573 1570 702 1618 tum
729 1558 790 1615 in
819 1558 994 1617 rebus
1021 1556 1250 1615 bellicis
1277 1565 1643 1615 momentum
1673 1554 1770 1627 sit,
1798 1572 1917 1613 non
1948 1554 2255 1632 ignoratis.
2354 1556 2455 1613 20.
2499 1552 2623 1613 Nec
2640 1553 2783 1631 jam

574 1654 640 1712 in
679 1670 800 1711 uno
838 1670 1082 1731 corpore
1131 1650 1564 1711 Macedonibus
1610 1650 1671 1709 id
1718 1648 2059 1729 praesidium
2100 1659 2217 1709 est.
2298 1649 2631 1729 Philippum
2660 1652 2787 1709 etsi

577 1750 767 1808 fatum
812 1746 1090 1819 auferret,
1131 1746 1472 1806 Alexander
1517 1756 1843 1825 regenerat,
1886 1745 1987 1824 qui
2022 1744 2150 1823 jam
2176 1746 2238 1804 in
2266 1745 2631 1805 adolescenti
2658 1746 2787 1806 hac

577 1852 778 1913 aetate,
817 1859 892 1901 ea
917 1841 1096 1901 animi
1134 1841 1477 1919 ingeniique
1526 1840 1889 1899 documenta
1932 1838 2141 1911 edidit,
2182 1848 2250 1898 ut
2290 1858 2476 1920 prope
2518 1849 2789 1912 constet,

571 1935 824 1997 'summis
870 1936 1316 2013 imperatoribus
1358 1954 1563 2013 parem
1606 1954 1741 1994 esse
1784 1936 2067 1995 futurum.
2170 1938 2271 1993 21.
2334 1936 2561 1995 Contra
2611 1934 2789 2013 apud

576 2030 974 2091 Athenienses
1001 2030 1167 2109 pacis
1195 2030 1457 2109 bellique
1484 2030 1803 2101 arbitrium,
1842 2029 1981 2110 quia
2005 2044 2189 2109 penes
2217 2048 2424 2089 omnes
2456 2039 2569 2101 est,
2608 2030 2793 2089 velut

573 2126 638 2183 in
661 2124 856 2183 medio
885 2125 1141 2203 positum
1165 2124 1597 2185 audacissimus
1624 2125 1881 2202 quisque
1902 2124 1979 2183 ad
2010 2143 2075 2183 se
2096 2124 2313 2184 trahit:
2340 2125 2563 2205 impetu
2582 2124 2789 2203 magis

574 2238 755 2299 quam
781 2218 1032 2278 consilio
1056 2228 1274 2279 cuncta
1301 2218 1596 2298 aguntur:
1640 2218 1907 2277 homines
1934 2218 2175 2297 maligni
2202 2219 2483 2291 suadent,
2524 2220 2793 2299 imperiti

575 2314 942 2374 decernunt:
968 2312 1189 2373 bellum
1219 2315 1468 2373 sumitur
1494 2313 1843 2385 animosiuS,
1870 2331 2047 2394 quam
2078 2314 2334 2393 geritur:
2361 2314 2584 2373 foedera
2608 2314 2791 2373 haud

573 2409 788 2469 minori
815 2409 1098 2470 facilitate
1127 2427 1304 2488 quam
1322 2410 1575 2488 junxere
1602 2409 1847 2470 violant.
1930 2411 2033 2469 22.
2066 2411 2221 2469 Nam
2250 2421 2313 2470 et
2336 2430 2475 2472 cum
2498 2410 2793 2490 Philippo

573 2505 770 2564 foedus
813 2505 958 2585 ipsis
1003 2517 1134 2564 est:
1179 2505 1340 2583 quod
1381 2523 1563 2582 quam
1608 2515 1815 2564 sancte
1863 2515 2119 2578 servent,
2160 2525 2223 2564 re
2268 2508 2401 2584 ipsa
2428 2505 2743 2566 declarant
2770 2527 2790 2565 =

573 2617 688 2660 nec
713 2600 870 2660 enim
897 2617 1006 2679 pro
1033 2619 1100 2658 se
1125 2600 1302 2658 fidem
1331 2600 1587 2659 violasse
1614 2600 1762 2660 satis
1788 2599 2048 2668 habent;
2092 2601 2208 2660 nisi
2253 2621 2359 2679 per
2395 2601 2557 2680 ipsos
2596 2602 2795 2662 latius

569 2707 776 2773 serpat
801 2693 918 2754 ista
945 2697 1245 2773 contagio.
1331 2696 1431 2755 23.
1482 2697 1700 2756 Vestra
1725 2707 1923 2756 autem
1948 2698 2309 2765 constantia,
2336 2697 2627 2771 Thebani,
2656 2717 2799 2776 qua

569 2807 692 2850 non
723 2787 917 2849 minus
945 2809 1124 2869 quarn
1153 2792 1330 2849 rebus
1367 2791 1595 2850 fortiter
1634 2790 1999 2869 feliciterque
2046 2793 2229 2869 gestis
2270 2792 2471 2870 magni
2512 2791 2803 2872 clarique

571 2883 890 2959 habemini,
933 2905 1052 2944 non
1080 2885 1220 2944 sinit
1247 2887 1564 2965 ambigere,
1605 2888 1749 2964 quin
1781 2889 1979 2946 multis
2008 2889 2427 2967 experimentis
2470 2889 2799 2966 cognitam

575 2985 731 3061 regis
759 2981 1094 3052 amicitiam,
1135 2999 1368 3060 semper
1393 2982 1633 3042 infestae
1662 2983 2013 3062 aemulaeque
2039 2983 2261 3044 civitati
2290 2982 2593 3061 proelaturi
2622 2984 2803 3046 sitis·

571 3080 674 3135 24.
718 3077 928 3154 Neque
970 3094 1108 3134 vero
1139 3085 1555 3136 averruncator
1579 3077 1868 3137 malorum
1896 3077 2191 3138 Hercules
2222 3079 2440 3152 siverit,
2480 3088 2551 3137 ut
2597 3097 2801 3156 quem

575 3169 1264 3247 indigenamcivemque
1305 3169 1502 3229 Deum
1544 3172 1848 3252 precipua
1890 3174 2174 3251 religione
2218 3174 2435 3247 colitis„
2476 3175 2606 3253 ejus
2636 3193 2803 3232 san-

576 3263 814 3342 guinem
837 3257 1014 3342 impio
1043 3263 1380 3343 injustoque
1404 3263 1565 3325 bello
1593 3269 2049 3346 persequamini.
2108 3269 2261 3327 Nam
2284 3281 2514 3328 ceteros
2531 3268 2807 3347 quidem

565 3360 790 3428 socios,
842 3377 1021 3436 quam
1069 3361 1344 3421 amicitiae
1398 3362 1581 3440 regie
1624 3381 1743 3423 non
1794 3364 2102 3442 poeniteat,
2144 3383 2219 3424 ex
2262 3363 2410 3442 ipsis
2458 3383 2566 3423 vos
2618 3367 2809 3424 malo

575 3451 981 3533 cognoscere!
1085 3458 1186 3516 25.
1247 3457 1397 3516 Haec
1444 3457 1703 3537 Python.
1800 3459 2005 3518 Auditi
2048 3457 2185 3518 dein
2232 3459 2525 3520 sociorum
2570 3458 2809 3536 legati,

573 3552 798 3630 prolixe
846 3550 1259 3611 commendato
1297 3555 1453 3631 regis
1500 3554 1718 3625 animo,
1765 3555 2115 3632 petiverunt,
2176 3561 2193 3590 ‘
2228 3565 2297 3614 ut
2334 3554 2529 3632 ipsum
2575 3557 2807 3632 potius

574 3645 828 3705 Graeciae
876 3644 1188 3716 vindicem,
1231 3663 1408 3725 quam
1458 3650 1893 3726 perturbatores
1940 3649 2066 3727 ejus
2115 3650 2509 3709 Athenienses
2558 3667 2809 3729 seque-

575 3741 816 3800 rentur!

656 3833 794 3893 Vll.
831 3836 918 3926 ·1.
961 3835 1041 3893 At
1071 3835 1508 3896 Demosthenes
1538 3838 1697 3896 facta
1728 3837 1966 3897 dicendi
2014 3847 2329 3917 potestate,
2372 3845 2391 3874 ‘
2414 3839 2553 3898 Non
2602 3841 2813 3918 igno-

574 3928 853 4000 rabam,’⁸
909 3928 1118 4007 inquit,
1164 3931 1352 3989 ‘istos
1397 3931 1655 4011 Philippi
1704 3934 2098 3992 mercenarios
2144 3953 2337 4012 neque
2380 3933 2671 3995 laudibus
2732 3939 2813 3997 in

705 4163 734 4192 ⁸
764 4157 902 4210 Tota
919 4159 1032 4212 haic
1055 4161 1252 4214 Oratio
1267 4177 1298 4214 e
1319 4163 1627 4240 Philippicis
1650 4166 1843 4230 passim
1864 4167 2259 4220 Demostheneis
2280 4167 2519 4220 desumta
2540 4173 2651 4218 est.
