2858 4782
642 377 903 440 suern.
952 375 1032 424 m
1083 377 1170 456 o..
1200 373 1553 425 suarum
1606 377 1751 425 mn.
1798 375 1881 425 n.
2226 361 2356 464 145

143 516 364 590 frater)
385 519 488 600 qui
518 535 656 582 cnm
687 515 1146 578 Macedonicum
1184 515 1451 578 habitum
1493 515 1757 598 Phrygio
1784 525 2096 591 mutasset,
2125 534 2357 582 assum-

142 615 218 676 tis
247 614 652 694 Pergensibus
695 611 923 691 aliquot
947 611 1174 672 itineris
1224 611 1449 692 gnaris,
1476 611 1557 672 ad
1606 611 2055 678 Parmenionem
2082 615 2357 678 occultus

30 684 32 760 ἷ
145 721 436 790 penetrat.
524 709 620 770 17.
665 709 762 768 Ita
778 707 1120 769 Alexander
1146 707 1707 788 comprehenditur:
1748 719 1812 769 et
1830 729 1968 770 cum
1996 712 2073 771 ob
2094 723 2355 773 veterem

145 825 316 868 suam
361 805 720 885 familiaque
759 803 1112 884 dignitatem
1156 815 1218 866 et
1257 805 1511 885 gratiam
1552 804 1657 865 diu
1704 803 1923 866 dilatus
1960 817 2141 880 esset,
2180 810 2355 870 tertio

145 913 280 982 post
317 919 502 975 anno,
529 902 670 962 dum
699 909 738 960 a
763 901 1022 962 Phiiotoe
1067 901 1326 962 consciis
1370 899 1729 980 supplicium
1772 903 2043 976 sumitur,
2070 905 2355 968 societate

143 998 426 1070 criminis,
453 1008 516 1058 et
531 1015 711 1078 poena
739 997 996 1058 sontium
1024 997 1086 1057 in
1113 996 1358 1058 exitium
1379 997 1661 1076 abreptus
1686 993 1907 1076 periit.¹⁸
1972 1001 2069 1062 18.
2094 1000 2249 1081 Regi
2278 1021 2355 1062 ex

147 1093 470 1156 Phaselide
495 1094 780 1167 moventi,
799 1110 981 1175 supra
1007 1093 1276 1156 detectas
1302 1091 1575 1166 insidias,
1592 1093 1882 1173 propitius
1910 1095 2169 1156 numinis
2188 1097 2355 1157 favor

145 1191 260 1251 alio
303 1191 510 1252 statim
547 1190 833 1252 beneficio
873 1183 1102 1270 patuit?
1183 1189 1363 1251 Parte
1405 1190 1702 1252 exercitus
1732 1189 1812 1250 ad
1840 1189 2227 1272 Pergensium
2254 1209 2357 1253 ur-

144 1288 272 1347 bem
321 1305 428 1367 per
475 1297 710 1348 montes
758 1289 1088 1367 praemissa,
1115 1295 1348 1348 ceteros
1393 1287 1524 1368 ipse
1566 1305 1673 1366 per
1726 1287 1893 1348 littus
1930 1286 2205 1362 ducebat,
2233 1307 2357 1369 qua

146 1381 382 1444 climax
433 1401 629 1456 mons,
672 1382 1026 1464 Pamphylio
1078 1383 1226 1444 mari
1281 1384 1657 1455 imminens,¹⁸
1712 1395 2030 1464 angustam
2074 1386 2354 1446 euntibus

143 1479 418 1540 semitam
461 1479 762 1559 relinquit,
787 1480 1026 1562 quoties
1073 1499 1235 1541 mare
1281 1479 1667 1562 tranquillum
1714 1489 1847 1548 est:
1891 1490 1956 1541 at
1993 1499 2131 1542 cum
2168 1494 2355 1544 oestus

143 1573 434 1646 incubuit,
461 1573 740 1636 fluctibus
768 1575 1052 1656 operitur,
1079 1574 1261 1654 idque
1287 1575 1505 1656 hyeme
1540 1576 1819 1655 frequens
1844 1585 1906 1635 et
1930 1565 2117 1656 pr'ope
2142 1595 2353 1656 perpe-
2412 1555 2431 1572 ⁸

24 1709 26 1746 3
141 1680 310 1730 tuum
365 1680 481 1730 est.
569 1671 660 1732 19.
705 1670 788 1730 At
829 1669 1188 1746 Alexander,
1232 1671 1379 1732 nihil
1425 1691 1597 1752 seque
1654 1689 1726 1731 ac
1777 1689 2002 1734 moram
2058 1681 2355 1745 metuens,

24 1765 26 1768 ’
139 1765 466 1826 exercitum
523 1785 630 1846 per
681 1786 878 1846 oequa,
932 1786 1036 1848 per
1087 1769 1312 1848 iniqua,
1369 1767 1583 1828 eodem
1632 1766 1845 1828 ardore
1900 1777 2081 1847 atque
2127 1768 2353 1848 impetu

137 1861 432 1939 rapiebat.
515 1861 800 1922 Continui
845 1868 948 1943 per
999 1883 1105 1923 eos
1161 1863 1294 1924 dies
1345 1864 1533 1923 austri
1578 1863 1890 1935 flaverant,
1936 1865 2039 1943 qui
2084 1881 2247 1924 mare
2290 1865 2353 1924 in

139 1957 304 2018 littus
336 1957 738 2036 propellentes
765 1959 967 2018 omnia
991 1959 1214 2019 itineris
1243 1958 1499 2038 vestigia
1530 1957 1665 2020 altis
1704 1957 2021 2037 paludibus
2065 1956 2352 2038 opplent:

141 2053 406 2114 assiduoe
435 2055 613 2114 etiam
635 2071 993 2134 magnoeque
1037 2054 1274 2135 pluvie,
1303 2065 1373 2117 ut
1399 2056 1593 2116 ventis
1622 2055 1751 2115 istis
1784 2053 2147 2138 spirantibus
2178 2055 2354 2127 solet,

139 2152 426 2211 ruebant:
499 2153 598 2212 20.
641 2151 752 2211 sed
803 2150 1170 2212 adventante
1215 2150 1559 2211 Alexandro
1606 2149 1805 2210 subito
1856 2160 2095 2212 exortus
2150 2151 2353 2231 aquilo

141 2245 356 2306 coslum
385 2247 666 2326 purgavit
703 2245 1009 2319 imbribus,
1033 2245 1228 2306 undas
1273 2247 1477 2325 rejecit
1512 2247 1575 2305 in
1618 2263 1800 2317 mare,
1827 2256 1891 2306 et
1916 2245 2353 2307 Macedonibus

101 2404 106 2409 ,
143 2342 455 2404 transitum
484 2341 764 2424 aperuit.¹'
843 2339 944 2403 Sic
964 2353 1202 2423 quoque
1234 2343 1410 2403 unius
1440 2341 1559 2403 diei
1584 2341 1789 2403 itinere
1816 2357 1923 2422 per
1946 2341 2174 2404 incerta
2199 2344 2354 2405 vada

142 2440 564 2520 emergentium
594 2438 726 2511 suit,
745 2454 905 2517 aqna
920 2434 998 2498 ad
1021 2438 1364 2501 umbilicum
1381 2439 1565 2499 ferme
1584 2438 2007 2519 pertingente?
2064 2436 2166 2501 21.
2192 2438 2355 2500 Tan-

141 2544 262 2595 tam
289 2536 352 2595 in
384 2532 662 2615 periculis
689 2532 1014 2594 Alexandri
1053 2532 1350 2605 fiduciam,
1377 2545 1447 2596 nt
1490 2534 1567 2594 ab
1614 2534 1802 2614 ipsius
1842 2532 2085 2614 ingenio
2122 2536 2354 2616 profec-

143 2640 262 2691 tam
309 2648 438 2689 non
478 2628 710 2701 dubito,
751 2630 838 2688 ita
883 2628 1290 2707 frequentibus
1337 2628 1627 2709 prodigiis
1674 2639 1735 2691 et
1777 2630 2074 2690 ominibus
2116 2642 2353 2693 auctam

140 2726 670 2803 confirmatamque
691 2724 879 2784 fuisse
906 2722 1294 2791 crediderim:
1326 2734 1643 2805 postquam
1674 2725 1916 2786 decreto
1942 2726 2199 2787 numinis
2226 2728 2355 2788 cla-

137 2822 389 2881 rissimis
435 2821 824 2900 maximisque
871 2821 1048 2880 rebus
1097 2838 1164 2880 se
1212 2820 1497 2881 destinari
1535 2822 1809 2900 conjecit.
1892 2824 1992 2881 22.
2033 2821 2249 2882 Adhuc
2290 2824 2351 2882 in

146 2914 515 2978 Macedonia
533 2915 780 2994 degenti
826 2916 1056 2995 species
1081 2914 1342 2975 hnmana
1377 2914 1689 2996 augustior
1714 2915 2061 2996 apparuisse
2088 2916 2355 2989 dicimur

20 3018 22 3021 ’
145 3011 442 3073 monentis
471 3016 489 3045 ⁸
509 3018 578 3069 ut
605 3008 684 3069 ad
723 3010 1109 3071 evertendum
1149 3008 1457 3089 imperium
1499 3008 1805 3071 Persicum
1832 3012 2262 3090 quamprimum
2288 3012 2351 3071 in

147 3107 348 3168 Asiam
385 3120 735 3187 sequeretur
751 3105 796 3167 ι’
836 3114 1020 3185 atque
1053 3105 1114 3164 in
1158 3104 1499 3166 memoriam
1522 3104 1797 3166 insomnii
1827 3118 2167 3168 revocatum
2214 3126 2351 3169 esse

147 3220 364 3283 regem,
393 3220 534 3263 cum
561 3201 622 3261 in
651 3188 1078 3262 Phoenice'res
1123 3212 1386 3281 gereret}
1429 3202 1609 3262 obvio
1644 3200 1995 3263 Judaeorum
2020 3204 2350 3279 sacerdote,

147 3300 206 3357 in
227 3317 348 3380 quo
387 3298 736 3378 recognovit
780 3306 1074 3371 ornatum,
1103 3316 1280 3377 quem
1327 3298 1556 3378 pridem
1594 3298 1657 3357 in
1705 3299 1941 3379 objecta
1964 3299 2221 3381 imagine
2246 3320 2355 3380 per

149 3398 404 3474 quietem
433 3393 683 3456 viderat.
761 3396 871 3456 23.
915 3392 1072 3454 Nam
1098 3395 1252 3455 inter
1289 3394 1665 3457 obsidionem
1693 3394 1833 3475 Tyri
1861 3396 2069 3456 vicinis
2108 3396 2351 3476 regibus

151 3492 500 3571 populisque
543 3488 906 3551 deditionem
951 3498 1019 3550 et
1061 3488 1336 3551 delectus
1383 3490 1811 3571 imperaverat:
1857 3490 1963 3553 sed
1997 3491 2218 3561 sudaei,
2246 3493 2351 3571 qui

151 3586 566 3667 Hierosolyma
591 3586 881 3647 famosam
909 3586 1118 3647 urbem
1162 3588 1469 3661 tenebant,
1494 3585 1690 3648 soedus
1728 3602 1861 3649 cnm
1891 3586 2074 3647 Dario
2101 3589 2351 3661 causati,

155 3682 554 3743 Macedonum
585 3682 898 3743 amicitiam
937 3682 1370 3743 detrectabant.
1449 3684 1555 3743 24.
1600 3684 1747 3743 Eam
1800 3684 1995 3762 gentis
2041 3694 2349 3745 contuma-

153 3777 300 3839 ciam
335 3778 676 3861 puniturus,
704 3778 768 3838 in
794 3779 1072 3841 Judoeam
1099 3779 1318 3841 infesto
1363 3779 1603 3860 agmine
1650 3778 1951 3861 perrexit.‘¹
2034 3779 2116 3840 At
2143 3778 2351 3840 Hiero·

215 3994 232 4026 ¹
263 3992 523 4045 Aniena.
546 3998 630 4045 26.
1355 4002 1380 4029 ¹·
1414 3994 1621 4045 Arrian-
1642 3996 1678 4047 1.
1702 3994 1736 4045 Ι.

219 4064 242 4099 ⁸
272 4070 433 4120 Diod.
455 4072 492 4120 l.
516 4072 551 4121 l.
577 4087 628 4135 p.
645 4074 764 4123 6⁰⁴.
791 4072 940 4124 curt.
965 4084 1068 4122 vn.
1095 4074 1140 4121 1.
1158 4074 1210 4121 8.
1354 4080 1378 4104 ⁰
1408 4071 1581 4121 Strsb.
1602 4084 1720 4122 xiv.
1744 4086 1795 4135 p.
1814 4076 1929 4122 66⁷.

213 4140 232 4176 ¹
263 4142 466 4196 Arrian.
491 4158 530 4195 ι.
555 4148 637 4196 2¹1.
1355 4154 1382 4190 Ρ
1411 4148 1627 4213 Joseph.
1646 4146 1827 4215 Antiq.
1852 4160 1933 4199 ιι.
1957 4152 2005 4199 8.

219 4226 254 4250 ··
283 4218 454 4270 Str-sb.
477 4233 594 4271 xiv.
617 4236 673 4285 p.
688 4226 806 4273 660.
847 4242 856 4249 ·
1356 4230 1380 4265 ‘¹
1415 4222 1497 4277 ld.
1520 4223 1555 4275 l.
1582 4224 1618 4275 l.

283 4299 456 4365 Deipk.
471 4306 520 4352 st
549 4303 667 4354 Ver.
687 4303 820 4353 σιω.
1158 4304 1220 4360 Q.
1247 4302 1388 4355 Cart.
2054 4324 2065 4331 ·
2162 4304 2219 4355 Κ
