2858 4782
501 298 631 363 118
1287 312 1346 360 s.
1393 310 1896 361 rnnmsnnuu

497 441 726 535 piarum
753 464 978 535 partem
1006 451 1395 513 Parmenione
1419 449 1597 521 duce,
1622 447 1903 531 Abydum
1928 450 1991 509 in
2020 448 2273 511 adverso
2300 451 2497 512 littore
2514 451 2699 513 eitam

501 564 699 629 petere
717 550 910 626 jubet,
939 547 1235 610 attributis
1280 545 1356 607 ad
1382 546 1499 607 hoc
1526 556 1766 607 centum
1808 545 2121 625 sexaginta
2160 546 2510 619 triremibus,
2540 548 2699 608 mul-

501 647 694 725 tisque
721 645 1002 725 operariis
1026 664 1042 704 t
1083 645 1210 724 ipae
1253 662 1386 703 cum
1414 641 1655 721 reliquie
1686 643 1997 703 Eleuntem
2026 639 2459 721 proficiscitur,⁸
2486 642 2699 703 Prote-

500 741 647 801 silao
665 759 922 814 sacrum,
937 741 1107 820 cujus
1129 739 1208 799 ibi
1227 738 1561 817 sepulcrum
1581 749 1833 819 aggesto
1854 736 2085 797 tumulo
2102 738 2345 816 tegitur.
2386 740 2488 798 23.
2518 739 2702 797 Circa

500 836 790 897 tumulum
815 838 1038 897 crebrae
1067 835 1210 895 ulmi
1239 844 1401 906 suut,
1432 854 1683 913 quarum
1704 837 1851 895 mira
1888 843 2101 893 natura
2138 844 2269 894 eet:
2331 836 2437 893 24.
2474 834 2703 915 quippe

501 932 720 1003 ramis:
745 932 848 1011 qui
878 931 1048 992 llium
1075 939 1370 1009 spectant,
1401 930 1693 991 matutino
1718 929 1837 990 diei
1886 939 2151 1009 tempore
2188 938 2367 989 enata
2402 928 2548 989 folia
2578 940 2705 991 eta·

503 1028 606 1087 tim
635 1028 937 1096 defluuntz
979 1045 1117 1086 cum
1143 1025 1356 1087 ceteris
1385 1024 1617 1087 stabilis
1645 1023 1910 1085 viriditas
1942 1024 2053 1085 eit:
2094 1024 2181 1083 ita
2206 1025 2480 1084 acerbum
2504 1024 2707 1083 herois

504 1123 688 1183 fatum
721 1123 1045 1208 exprimere
1073 1122 1416 1195 creduntur,
1436 1122 1538 1201 qui
1565 1122 1625 1181 in
1652 1123 1783 1201 ipso
1810 1122 2005 1182 etatis
2032 1122 2177 1181 flore
2215 1140 2355 1181 cum
2374 1121 2613 1181 Grecis
2642 1122 2705 1179 in

503 1219 706 1279 Asiam
751 1218 1072 1298 profectum
1102 1219 1292 1296 prima
1315 1218 1553 1301 Trojani
1597 1219 1737 1279 belli
1764 1217 2006 1278 victima
2030 1217 2161 1277 fuit.
2242 1220 2345 1277 25.
2389 1216 2547 1277 Huic
2574 1227 2705 1281 tum

505 1314 844 1375 Alexander
871 1313 1108 1375 inferiae
1137 1312 1341 1382 dedit:
1385 1325 1707 1394 precatue,·
1728 1322 1745 1351 ‘
1774 1324 1845 1375 ut
1868 1313 2207 1375 melioribus
2250 1311 2533 1393 auspiciis
2562 1313 2711 1373 hoe-

506 1409 607 1469 tile
635 1410 800 1481 littus
830 1408 1138 1487 tangeret!
1219 1408 1368 1469 lude
1414 1430 1551 1471 cum
1600 1411 2031 1490 quinquaginta
2068 1410 2265 1489 longis
2312 1409 2569 1469 navibus
2612 1408 2707 1469 Si-

505 1524 678 1583 geum
709 1505 898 1584 petiit,
941 1516 1292 1584 portumque
1336 1524 1549 1567 nomen
1591 1508 1665 1566 ab
1692 1505 1933 1566 Achivis
1978 1516 2239 1575 nactum,
2266 1522 2519 1583 quorum
2546 1503 2713 1563 clae-

505 1620 630 1659 eem
659 1600 928 1679 Trojanie
958 1602 1313 1680 temporibus
1338 1611 1675 1681 exceperat.
1758 1602 1859 1662 26.
1899 1602 2053 1661 Cum
2072 1600 2200 1680 jam
2226 1600 2297 1659 in·
2320 1597 2531 1659 mediis
2560 1597 2711 1657 Hel·

504 1697 758 1775 leeponti
801 1696 1082 1759 fluctibus
1127 1698 1437 1777 navigaret
1480 1702 1763 1776 (namque
1813 1715 1943 1756 auae
1970 1696 2139 1755 navis
2180 1695 2309 1773 ipse
2346 1694 2713 1773 gubernator

505 1794 657 1863 erat)
684 1800 916 1851 taurum
961 1793 1242 1873 Neptuno
1288 1810 1360 1854 ac
1403 1791 1759 1854 Nereidibus
1803 1791 2112 1863 immolat:
2139 1808 2495 1869 auremque
2536 1788 2715 1868 phia-

507 1885 650 1955 lam,
697 1904 771 1945 ex
811 1904 930 1963 qua
977 1888 1285 1961 libaverat,
1335 1888 1468 1947 Diis
1512 1886 1752 1947 marinis
1800 1885 2025 1947 donum
2074 1886 2135 1945 in
2189 1884 2442 1963 pelagus
2488 1884 2713 1962 abjicit.

509 1982 610 2041 27.
652 1980 788 2041 Jam
815 1981 876 2039 in
917 1994 1093 2061 portu
1125 1992 1256 2043 erat
1303 1982 1534 2053 cleeris,
1562 2000 1699 2042 cum
1748 2000 1852 2041 rex
1894 1980 2167 2059 conjecta
2194 1980 2253 2039 in
2301 1979 2469 2039 littus
2506 1978 2712 2049 hasta,

508 2074 731 2153 primus
759 2094 792 2135 e
819 2076 958 2137 navi
993 2076 1206 2137 librato
1233 2094 1481 2155 corpore
1518 2085 1735 2135 terram
1771 2074 1927 2135 ealtu
1959 2076 2250 2155 contigit3
2288 2084 2569 2145 testatus,
2600 2082 2619 2107 ⁴
2648 2092 2715 2133 ee

509 2170 946 2248 possessionem
977 2172 1140 2233 Anien
1187 2172 1320 2232 Diis
1339 2220 1346 2227 .
1367 2173 1521 2232 bene
1554 2170 1903 2250 juvantibus
1936 2172 2104 2252 justo
2150 2171 2371 2251 pioque
2406 2169 2567 2231 bello
2596 2168 2713 2228 eibi

512 2266 819 2329 asserere?
837 2272 864 2298 ⁸
945 2270 1046 2329 28.
1088 2270 1226 2329 Arae
1269 2268 1483 2329 deinde
1522 2269 1863 2329 constitutae
1910 2278 2070 2339 eunt,
2118 2266 2217 2327 ubi
2258 2266 2715 2326 exsecutionem

512 2361 752 2438 fecerat,
799 2364 935 2428 Jovi
983 2364 1343 2437 descensori,
1395 2364 1801 2444 Minervaeque
1850 2377 1910 2424 et
1950 2363 2275 2424 Herculie'
2316 2370 2336 2398 ‘
2366 2380 2439 2424 eo
2474 2380 2715 2443 quoque

512 2456 668 2528 loco,
695 2459 854 2520 unde
883 2481 958 2522 ex
985 2462 1222 2542 Europa
1251 2461 1530 2532 solverat,
1560 2479 1692 2520 arae
1720 2459 1947 2520 exstrui
1970 2459 1985 2484 '
2005 2459 2207 2538 jueait.

595 2553 703 2614 IV.
779 2557 833 2616 1.
876 2554 1024 2616 Inde
1065 2557 1356 2634 processit
1401 2556 1463 2615 in
1512 2574 1776 2634 campos,
1806 2554 1905 2616 ubi
1952 2555 2164 2615 veteris
2195 2554 2289 2613 Ilii
2330 2553 2507 2616 sedeo
2549 2575 2720 2616 mon·

515 2649 830 2708 straba‘tur.
915 2651 1004 2710 Ibi
1053 2651 1194 2712 dum
1235 2653 1605 2712 heroicorum
1650 2669 1887 2730 operum
1932 2661 2317 2710 monumenta
2360 2651 2533 2711 avide
2584 2669 2717 2730 per·

515 2745 746 2817 lustrat,
775 2745 1016 2825 quidam
1065 2766 1140 2808 ex
1165 2746 1374 2809 incolis
1402 2745 1637 2807 Paridis
1666 2747 1719 2804 ei
1750 2745 1935 2825 lyram
1964 2743 2267 2826 pollicitus
2305 2748 2447 2804 εει)
2528 2747 2595 2806 2.
2638 2749 2721 2804 At

515 2837 638 2910 ille,
669 2846 686 2874 ‘
719 2840 773 2898 N
778 2840 922 2913 ihil:
958 2842 1170 2922 inquit,
1209 2849 1228 2880 ‘
1257 2861 1453 2902 moror
1476 2841 1795 2902 imbellium
1824 2839 2170 2902 deliciarum
2196 2840 2313 2900 vile
2356 2840 2719 2900 instrumen-

517 2945 644 2994 tum
673 2954 689 2995 ε
732 2948 796 2995 at
823 2938 1070 2998 Achiuis
1098 2939 1286 3020 lyram
1313 2938 1488 3010 cedo,
1526 2937 1762 2998 sortium
1809 2937 2061 2996 virorum
2106 2934 2319 2995 laudes
2346 2936 2555 2997 eadem
2584 2953 2719 3015 per·

519 3031 786 3090 sonantis
835 3049 1034 3101 manu,
1072 3053 1192 3112 qua
1239 3035 1399 3094 facta
1440 3034 1801 3114 superabat!
1884 3035 1943 3093 3.
1988 3032 2141 3092 Nam
2182 3031 2499 3104 Achillem,
2542 3031 2717 3109 cujus

522 3125 746 3202 origine
793 3123 1173 3202 gloriabatur,
1201 3128 1463 3206 inprimis
1506 3128 1699 3188 mirari
1752 3128 1986 3200 solitus,
2014 3129 2193 3188 etiam
2234 3127 2455 3188 circum
2478 3126 2719 3207 cippum

521 3219 646 3298 ejus
687 3239 824 3280 cum
867 3223 1070 3283 amicis
1113 3224 1309 3285 nudus
1353 3225 1711 3296 decucurrit,
1738 3235 2038 3303 unctoque
2080 3241 2363 3284 coronam
2390 3217 2720 3301 imposuit-⁶

522 3322 583 3379 4.
627 3316 1018 3396 Hephoeetiou
1074 3319 1331 3382 Patrocli
1385 3320 1673 3381 tumulum
1718 3321 2063 3390 coronavit:
2129 3319 2385 3379 eundem
2444 3318 2718 3378 amicitioe

483 3465 498 3472 ,
514 3413 715 3474 locum
743 3414 904 3494 apud
925 3415 1326 3476 Alexandrum
1357 3417 1469 3477 eibi
1496 3437 1631 3479 cese
1658 3418 2023 3497 significans,
2046 3435 2223 3497 quem
2252 3416 2303 3476 ie
2325 3417 2489 3494 apud
2516 3413 2721 3474 Achil·

521 3513 636 3572 lem
667 3511 994 3574 habuisset.
1081 3512 1239 3574 Inter
1265 3514 1487 3575 multoe
1503 3514 1581 3574 de
1602 3515 1835 3576 Achille
1859 3531 2159 3575 sermone·
2190 3520 2207 3547 ‘
2233 3510 2457 3590 duplici
2482 3509 2720 3568 nomine

586 3692 607 3717 ⁸
640 3682 722 3736 Id.
757 3684 794 3736 1.
822 3686 856 3733 l.
903 3683 1164 3735 Herodot.
1188 3695 1268 3734 ιι.
1294 3686 1406 3732 115.
1442 3682 1578 3731 Pau·
1720 3688 1743 3723 v
1778 3679 1986 3729 Arrian-
2007 3679 2046 3730 1.
2067 3678 2105 3728 l.

523 3774 563 3810 ι.
588 3770 644 3810 et
665 3775 753 3812 m.
1724 3761 1748 3788 ⁸
1782 3755 1924 3804 Plut.
1949 3754 2101 3804 Alex.
2143 3769 2195 3818 p.
2219 3757 2333 3804 ⁶⁷2.
2368 3753 2452 3804 ld.
2485 3752 2552 3802 de
2578 3753 2720 3802 Ἐστι.

589 3838 608 3869 ῑ
637 3835 943 3888 Philostrat.
965 3836 1211 3888 Herolca.
1662 3831 1813 3883 Alex.
1854 3845 1895 3882 r.
1930 3836 2008 3882 14.
2053 3831 2235 3882 AElian.
2287 3831 2414 3883 Ver.
2453 3830 2594 3881 Hiet.
2638 3841 2721 3880 ιι.

589 3919 614 3944 ¹¹
648 3911 856 3962 Arrian.
879 3915 912 3964 1.
937 3915 972 3963 l.
1660 3911 1742 3957 ⁸8.

590 3994 614 4019 '
647 3987 786 4036 1d.l.
811 3989 848 4038 1.
1730 3981 1752 4015 ⁶
1784 3981 1932 4032 Plut.
1974 3981 2131 4031 Alex.
2173 3981 2210 4031 1.
2246 3983 2284 4032 Ι.
2324 3979 2529 4032 Arrian.
2564 3993 2603 4030 r.
2640 3981 2717 4029 12.

590 4068 617 4094 ¹
641 4061 793 4112 Diod.
811 4063 915 4113 Sic.
937 4073 1076 4113 ινιτ.
1095 4078 1147 4127 p.
1166 4067 1280 4115 ⁵7⁰.
1297 4061 1492 4116 sustin.
1510 4074 1590 4111 ιι.
1666 4057 1852 4110 AEtian.
1876 4071 1980 4109 ιιι.
2002 4061 2055 4108 7.

524 4144 578 4189 5.
604 4141 684 4188 10.
