2858 4782
797 753 886 828 J.
972 753 1699 836 FREINSHEMII

369 953 2129 1098 SUPPLEMENTORUM

1211 1253 1302 1314 nr¹

733 1457 1759 1584 o.CURmIUM

1017 1721 1366 1806 LIBER
1423 1725 1489 1802 Ι.

1096 2211 1312 2278 cAP.
1355 2211 1415 2278 1.

225 2373 282 2429 1.
325 2342 816 2453 Abnxnrnm,
857 2364 961 2444 qui
1005 2363 1308 2425 ademtam
1351 2363 1553 2427 Persis
1600 2353 1919 2449 imperium-
1945 2369 2008 2430 in
2056 2367 2351 2436 Groeeiam

152 2466 356 2539 intulit,
393 2466 593 2525 Vitam
625 2472 814 2542 atque
835 2458 963 2523 Res
991 2468 1195 2541 gestas
1219 2460 1451 2541 plurimi
1482 2460 1828 2525 Gra->corum
1856 2480 2349 2533 memoraverunt.

155 2560 236 2621 Ex
261 2562 478 2644 quibus
497 2558 818 2639 plerosque
843 2574 1088 2637 operum
1118 2574 1357 2619 suorum
1403 2568 1792 2639 spectatores,
1840 2562 2133 2643 quosdam
2171 2568 2350 2629 etiam

151 2659 340 2717 socios
367 2667 546 2737 atque
579 2654 886 2715 ministros
913 2654 1124 2715 habuit
1148 2660 1210 2716 ε·
1247 2656 1591 2729 nonnullos,
1621 2666 1690 2717 ut
1716 2667 1844 2719 erat
1871 2658 2080 2721 avidus
2108 2680 2351 2723 mansu·

149 2772 220 2813 rae
249 2764 392 2834 post
420 2762 666 2815 mortem
688 2749 915 2832 gloria,
942 2748 1020 2811 ad
1045 2750 1164 2841 imo
1191 2750 1387 2831 ipsum
1415 2748 1735 2825 evocavit?
1772 2764 1842 2813 ut
1865 2773 1959 2815 res
1988 2774 2127 2816 suas
2150 2757 2349 2819 trade-

147 2861 274 2911 rent
301 2850 664 2931 posteritati.
747 2850 811 2908 2.
853 2848 1131 2908 Ceterum
1161 2856 1375 2927 proeter
1401 2848 1593 2927 ipsam
1629 2866 1825 2908 rerum
1854 2850 2349 2930 magnitudinem,

145 2948 344 3007 innata
371 2947 539 3027 genti
560 2944 895 3006 fabularum
921 2943 1142 3025 cupido
1163 2942 1380 3018 effecit,
1401 2954 1471 3002 ut
1491 2962 1697 3003 eorum
1714 2945 2049 3023 complures
2070 2950 2349 3011 monstris

147 3062 315 3121 quam
363 3062 509 3105 vero
551 3040 834 3102 similiora
872 3038 1234 3119 proderent:
1275 3038 1396 3099 fide
1450 3050 1651 3098 autem
1697 3036 2027 3117 dignissimi
2076 3042 2352 3107 videntur

147 3138 522 3213 Ptolemaeus,
563 3136 666 3217 qui
710 3147 924 3218 postea
952 3135 1245 3214 regnavit,
1271 3146 1334 3195 et
1364 3133 1785 3197 Aristobuius.⁶
1866 3138 1923 3199 3.
1966 3136 2201 3200 Etenim
2245 3162 2349 3204 ex-

145 3237 322 3296 tincto
343 3234 478 3315 jam
507 3230 852 3294 Alexandro
881 3222 992 3292 sua
1016 3230 1332 3292 edentibus
1375 3240 1567 3293 metus
1594 3224 1657 3291 et
1683 3234 2105 3295 assentationis
2145 3256 2349 3300 causae

147 3330 555 3402 decesserant,
607 3328 821 3409 quibus
841 3334 858 3349 ·
884 3328 1004 3389 fere
1061 3327 1487 3388 narrandarum
1540 3344 1734 3387 rernm
1788 3329 2006 3390 veritas
2053 3337 2349 3416 corrumpi

148 3427 336 3495 solet3
381 3444 525 3486 nam
577 3423 965 3485 Ptolemaeum
1001 3422 1181 3485 etiam
1223 3424 1366 3503 regii
1387 3423 1665 3484 -nominis
1692 3422 2045 3503 dignitatem
2070 3428 2347 3491 mendaci

145 3522 385 3584 historia
414 3520 684 3603 polluere
712 3519 995 3594 voluisse,
1025 3519 1160 3600 quis
1188 3518 1499 3609 crederet?
1576 3522 1636 3581 4.
1680 3518 1942 3599 Uterque
1970 3530 2171 3583 autem
2208 3544 2347 3587 cum

148 3618 341 3679 multis
385 3618 469 3677 ad
515 3637 610 3679 res
653 3614 980 3677 Alexandri
1021 3614 1459 3700 pertinentibus
1503 3613 1760 3695 negotiis
1804 3633 1925 3675 non
1972 3615 2348 3681 interfuerint

147 3715 337 3788 modo,
358 3733 567 3776 verum
590 3714 770 3774 etiam
783 3711 1130 3795 praefuerint
1149 3732 1167 3781 ς
1195 3713 1505 3773 verissima
1524 3730 1650 3792 proe
1671 3708 1804 3771 aliis
1822 3710 2057 3774 tradere
2076 3716 2347 3791 potuisse

146 3811 340 3890 liquet.
427 3816 489 3873 5.
534 3809 785 3879 Quoties
811 3810 992 3889 igitur
1020 3809 1424 3883 consentiunt,
1452 3805 1667 3869 ceteris
1711 3806 2202 3871 antehabuimus:
2244 3814 2346 3875 ubi

147 3906 204 3966 in
229 3906 530 3970 diversum
551 3907 796 3980 abeunt,
824 3924 900 3967 ex
920 3906 1095 3987 copia
1113 3924 1304 3967 rerum
1324 3924 1397 3966 ea
1415 3902 1790 3987 potissimum
1806 3906 2184 3983 secrevimus,
2206 3930 2345 3991 quoe

202 4098 228 4124 ⁸
247 4088 452 4143 Arrisn.
476 4092 532 4141 in
553 4090 777 4146 praefat.
798 4090 890 4153 lib.
913 4105 954 4142 r.
1283 4088 1510 4140 Fabricii
1527 4086 1777 4139 Biblioth.
1800 4088 1975 4142 Grae.
2005 4088 2097 4143 lib.
2118 4102 2205 4142 m.
2228 4102 2275 4139 c.
2291 4092 2343 4139 Β.

201 4163 227 4197 ¹·
244 4166 432 4217 Justin.
456 4180 554 4219 ιιι.
577 4173 626 4218 6.
649 4166 702 4217 in
726 4166 814 4219 fin.
881 4164 1019 4218 conf.
1044 4165 1202 4217 etiam
1348 4171 1370 4199 ⁶
1393 4164 1599 4216 Arrium.
1624 4164 1661 4215 1.
1686 4165 1720 4215 l.

271 4248 446 4313 velpa.
466 4253 514 4298 et
541 4249 658 4299 Var-
677 4248 808 4299 Clas.
1149 4246 1213 4303 Q·
1243 4248 1384 4297 Cart.
2166 4240 2213 4291 Ε
