2858 4782
637 360 892 410 surm..
941 361 1020 408 m
1069 361 1140 422 Q.
1187 359 1539 410 suarium
1587 362 1732 411 ms.
1781 363 1859 410 11.
2204 348 2333 411 11¹7

147 513 250 576 est,
275 523 418 583 quoe
445 503 742 564 Abderam
785 513 848 564 et
893 504 1238 564 Maroneam
1283 503 1465 564 ducit.
1556 507 1649 563 15.
1692 505 1847 564 Nam
1890 505 1950 565 in
1993 503 2191 566 littore
2218 505 2329 564 iter

148 601 330 660 facere
361 601 716 672 instituerat,
743 611 812 661 ut
841 601 1088 660 navibus
1117 600 1262 671 suis,
1289 619 1424 680 ques
1437 599 1611 678 juxta
1637 600 2025 672 ducebantur,
2046 600 2331 680 proesidio

149 706 322 767 esset,
341 697 396 756 si
423 696 624 756 Persae
651 698 802 756 forte
830 695 1250 763 occurrissentz
1295 695 1641 774 quippe‘isti
1670 705 1793 754 tum
1823 697 2000 755 etiam
2026 697 2205 756 maris
2222 697 2332 754 im-

151 792 374 869 perium
416 793 784 853 obtinebant.
867 793 986 871 Ipsi
1033 791 1188 850 enim
1237 791 1475 851 modica
1520 791 1767 872 classis:
1810 802 1874 851 at
1921 792 2079 872 apud
2129 793 2332 853 hostes

152 887 379 966 Cypriae
407 887 846 966 Phoenicioeque
871 907 1075 958 naves,
1111 889 1451 966 assuetique
1488 889 1789 948 maritimis
1818 890 1988 949 rebus
2028 889 2337 960 classiarii,

153 994 206 1040 et
253 983 730 1044 exercitatissimi
785 983 1034 1062 remiges
1085 993 1272 1042 erant.
1363 985 1457 1044 16.
1503 983 1659 1042 Nam
1714 983 2092 1056 Macedonia,
2148 1003 2337 1064 nuper

152 1089 372 1138 tentato
419 1081 596 1140 maris
639 1079 903 1157 imperio,
949 1079 1211 1138 nondum
1259 1079 1603 1141 abundabat
1650 1082 1938 1147 navibus3
1984 1091 2044 1140 et
2084 1099 2121 1138 a
2157 1080 2333 1139 sociis

152 1174 400 1253 maligne
425 1176 862 1254 pmbebantur.
945 1173 1138 1233 Etiam
1168 1173 1587 1247 Athenienses,
1613 1195 1748 1235 cum
1776 1176 1853 1234 ab
1880 1175 2025 1254 ipsis
2068 1175 2333 1236 triremes

153 1280 502 1346 peterentur,
529 1279 760 1330 tantum
805 1287 927 1329 xx.
971 1269 1294 1330 miserunt:
1339 1272 1795 1350 suggerentibus
1842 1287 2043 1330 eorum
2087 1271 2337 1332 oratori-

154 1365 303 1436 bus,¹’
353 1373 373 1398 ⁸
395 1365 721 1446 periculum
771 1383 927 1435 esse,
955 1383 1030 1424 ne
1071 1363 1264 1425 classe
1313 1375 1584 1445 accepta,
1612 1377 1823 1426 contra
1872 1385 1975 1426 eos
2003 1366 2105 1446 qui
2140 1368 2335 1430 misis-

152 1471 294 1532 sent,
321 1461 626 1522 uteretur!
718 1463 810 1522 17.
855 1461 945 1519 Ex
972 1460 1046 1520 iis
1074 1460 1220 1520 loeis
1249 1461 1327 1520 ad
1369 1459 1634 1520 Hebrum
1661 1462 1901 1522 fluvium
1930 1464 2281 1525 contendit:
2308 1476 2333 1510 ‘¹

151 1577 260 1634 qno
298 1558 466 1618 hand
511 1557 823 1618 difficulter
877 1559 1248 1630 transmisso,
1291 1559 1349 1616 in
1393 1558 1679 1618 Poeticam
1718 1558 1988 1617 Thraciae
2034 1561 2335 1637 regionem

145 1655 446 1730 pervenit:
488 1654 630 1714 inde
655 1668 930 1732 superato
975 1673 1168 1724 amne,
1197 1674 1371 1733 quem
1401 1659 1418 1688 ‘
1452 1653 1785 1714 Melanem’
1812 1653 2135 1732 appellant,
2162 1655 2329 1732 vige-

24 1797 26 1810 .
149 1749 288 1810 simo
315 1762 634 1830 postquam
664 1768 703 1809 a
738 1749 916 1810 domo
941 1751 1242 1828 profectus
1269 1749 1463 1808 fuerat
1488 1747 1607 1820 die,
1650 1749 1867 1809 Seston
1907 1748 2105 1826 attigit
2128 1749 2188 1806 in
2230 1767 2334 1808 ex-

148 1845 338 1904 tremis
366 1847 728 1906 continentis
771 1847 984 1906 finibus
1032 1845 1426 1924 Hellesponto
1468 1845 1889 1916 imminentem,
1916 1863 2037 1922 qua
2064 1845 2335 1922 angustis
2460 1915 2465 1918 ¹

24 1991 26 1998 .
148 1939 805 2002 fluctibus.insinuatum
833 1960 992 2001 mare
1020 1940 1223 2000 Asiam
1253 1942 1326 2000 ab
1355 1940 1592 2019 Europa
1632 1939 1873 2000 dirimit.
1962 1942 2057 1999 18.
2103 1939 2337 2020 Quippe

153 2033 504 2096 Macedonia
525 2037 832 2097 Thraciam
859 2037 1236 2115 conjunctam
1251 2036 1471 2102 haben
1514 2056 1651 2113 quse
1678 2053 2029 2113 procurrens
2056 2035 2113 2094 in
2144 2045 2336 2094 ortum

152 2130 376 2192 duobus
423 2133 718 2213 capitibus
763 2133 966 2192 Asiam
1007 2141 1301 2210 tangeret,
1327 2130 1443 2189 nisi
1488 2128 1891 2188 intercedente
1936 2129 2153 2208 pelago
2180 2149 2339 2188 sum-

151 2239 510 2288 moveretur:
555 2227 764 2288 dextra
789 2226 1217 2304 Hellespontus
1245 2235 1440 2293 arcet:
1486 2224 1731 2284 ulterius
1764 2223 2131 2303 Bosphorus,
2158 2241 2337 2302 quem

151 2322 454 2382 Thracium
482 2323 805 2403 appellant,
831 2322 1178 2404 Byzantium
1207 2341 1246 2381 a
1271 2319 1655 2380 Chalcedone
1684 2329 1939 2399 separat.
2031 2320 2128 2378 19.
2174 2318 2339 2378 Inter

151 2418 252 2478 has
277 2420 588 2498 angustias
617 2420 942 2498 intercepta
968 2418 1282 2497 Propontis
1302 2417 1428 2495 jam
1454 2416 1677 2477 laxiore
1706 2416 1901 2497 spatio
1920 2414 2098 2496 juxta
2128 2413 2337 2493 Bithy·

153 2516 302 2573 niam
350 2527 412 2575 et
455 2515 738 2575 Ponticas
785 2516 1058 2594 regiones
1103 2513 1472 2573 diffunditur.
1555 2513 1717 2572 Infra
1764 2511 2102 2592 Bithyniam
2140 2508 2339 2589 Mysia

151 2622 273 2678 est;
316 2610 536 2670 deinde
583 2611 862 2690 Phrygia,
890 2610 1324 2690 Phrygiamque
1368 2608 1725 2687 contingens
1769 2606 1977 2687 Lydia,
2019 2605 2255 2685 longius
2300 2624 2337 2664 a

153 2707 288 2767 mari
315 2716 580 2767 remotes.
666 2707 919 2766 Interius
949 2706 1242 2784 spatiosas
1269 2705 1542 2784 regiones
1574 2704 1889 2764 celebratae
1931 2700 2335 2762 foecunditatis

153 2814 208 2863 et
232 2802 556 2880 opulentiae
583 2812 792 2880 gentes
833 2801 1121 2861 habitant.
1204 2802 1306 2859 20.
1351 2799 1575 2859 Littora
1615 2818 1753 2877 quoe
1801 2798 2069 2856 Thracius
2112 2786 2341 2854 (ἃὲωοί-

155 2917 316 2977 oeque
364 2901 616 2958 obversa
655 2907 815 2967 sunt,
848 2894 1260 2975 Hellespontii,
1305 2894 1523 2953 deinde
1558 2895 1741 2952 Troes
1784 2891 2011 2957 colunt,
2040 2891 2345 2949 calamita-

22 3018 24 3021 >
153 2992 304 3053 tibus
327 2992 559 3073 inclyti.
636 2993 796 3052 Infra
819 2992 930 3053 hos
973 2992 1156 3051 AEolis
1186 3000 1248 3049 et
1275 2989 1446 3049 Ionia
1490 3008 1593 3067 per
1618 2988 1803 3065 longa
1851 2986 2116 3045 littorum
2148 2986 2343 3065 spatia

158 3088 350 3168 Lydiae
373 3089 844 3169 praetenduntur.
928 3087 1106 3147 Caria
1133 3084 1350 3146 deinde
1388 3103 1527 3144 cum
1572 3102 1805 3143 annexa
1853 3080 2097 3152 Doride,
2122 3098 2343 3160 magna

155 3202 224 3243 ex
249 3195 414 3263 parte
441 3186 586 3244 mari
613 3185 990 3257 circumfusa,
1019 3202 1140 3242 non
1181 3182 1374 3240 minus
1419 3178 1619 3259 amplo
1668 3186 1861 3238 tractu
1906 3177 2221 3237 introrsum
2250 3196 2344 3237 re-

157 3280 324 3340 eedit.
408 3284 514 3341 21.
578 3280 691 3340 His
739 3280 908 3339 terris
983 3278 1369 3338 nobilissimae
1446 3275 1659 3334 insulse
1730 3272 2044 3353 adjacent:
2114 3272 2343 3332 Lesbus

161 3374 398 3449 AEolica,
429 3376 615 3436 Chius
643 3386 708 3435 et
732 3377 946 3435 Samus
978 3374 1182 3445 Ionian,
1201 3383 1264 3433 et
1285 3371 1509 3431 Dorica
1536 3368 1811 3440 Rhodus,
1840 3368 2091 3445 alioeque
2118 3366 2345 3440 multoe,

157 3490 394 3547 quarum
421 3472 667 3531 nomina
687 3470 1030 3531 Graecorum
1057 3468 1455 3529 monumentis
1502 3463 1919 3525 inclaruerunt.
2003 3462 2159 3521 Nam
2188 3462 2343 3521 anti-

159 3566 282 3643 quis
313 3567 674 3647 temporibus
717 3585 950 3627 omnem
993 3565 1152 3624 hanc
1178 3582 1340 3623 oram
1391 3562 1628 3621 Groecia
1664 3557 2070 3639 frequentibus
2098 3550 2345 3616 coloniis

161 3660 482 3721 insederat:
527 3680 662 3739 quse
690 3671 815 3720 tum
845 3678 1084 3739 quoque
1111 3660 1468 3724 manebant:
1512 3655 1621 3715 sed
1662 3655 1975 3714 Persarum
2006 3651 2131 3730 regi
2155 3660 2345 3709 satra-

161 3755 358 3834 pisque
407 3756 717 3835 subjecta,
773 3756 1030 3835 priscam
1089 3756 1282 3835 gentis
1337 3754 1665 3813 libertatem
1716 3748 2021 3809 barbarica
2070 3746 2347 3805 servitute

163 3860 541 3911 mutaverant.
625 3852 724 3911 22.
767 3849 1105 3911 Alexander
1147 3850 1246 3910 ubi
1289 3850 1507 3909 Seston
1543 3845 1851 3927 pervenit:
1890 3842 2201 3903 maximam
2243 3860 2347 3902 co-

223 4104 250 4137 ¹·
297 4096 441 4148 Plut.
491 4098 545 4146 in
591 4110 648 4148 x.
693 4096 848 4149 Orat.
893 4110 1023 4147 vm.
1066 4100 1117 4147 ⁹.
1159 4100 1218 4145 et
1359 4100 1386 4137 «Ι
1418 4089 1744 4141 Απὶιιι.1.1.

163 4184 239 4221 rx.
265 4178 308 4224 1.
1361 4176 1382 4205 ¹
1411 4166 1495 4219 Id.
1516 4167 1553 4218 1.
1576 4167 1615 4217 l.
